@article{Acemoglu2006,
	author = {Acemoglu, Daron and Finkelstein, Amy},
	month = 5,
	title = {Input and Technology Choices in Regulated Industries: Evidence From the Health Care Sector},
	url = {http://www.nber.org/papers/w12254},
	urldate = {23/05/14},
	year = 2006
}

@techreport{Acton1973,
	author = {Acton, JP},
	institution = {RAND Corporation},
	school = {RAND Corporation},
	title = {Demand for health care when time prices vary more than money prices},
	url = {http://www.rand.org/pubs/reports/R1189},
	urldate = {24/04/13},
	year = 1973
}

@article{Acton1975,
	author = {Acton, JP},
	booktitle = {The Journal of Political Economy},
	journal = {The Journal of Political Economy},
	number = 3,
	pages = {595-614},
	title = {Nonmonetary factors in the demand for medical services: some empirical evidence},
	url = {http://www.jstor.org/stable/10.2307/1837112},
	urldate = {24/04/13},
	volume = 83,
	year = 1975
}

@article{Adcock1997,
	author = {Adcock, C. J.},
	booktitle = {Journal of the Royal Statistical Society: Series D (The Statistician)},
	issn = {0039-0526},
	journal = {Journal of the Royal Statistical Society: Series D (The Statistician)},
	month = 7,
	number = 2,
	pages = {155-162},
	title = {The choice of sample size and the method of maximum expected utility-comments on the paper by Lindley},
	url = {http://doi.wiley.com/10.1111/1467-9884.00072},
	urldate = {02/06/14},
	volume = 46,
	year = 1997
}

@article{Akerlof1970,
	author = {Akerlof, GA},
	booktitle = {The quarterly journal of economics},
	journal = {The quarterly journal of economics},
	number = 3,
	pages = {488-500},
	title = {The market for" lemons": Quality uncertainty and the market mechanism},
	url = {http://www.jstor.org/stable/10.2307/1879431},
	urldate = {25/03/13},
	volume = 84,
	year = 1970
}

@article{Allard2009,
	author = {Allard, Marie and Thomas Léger, Pierre and Rochaix, Lise},
	booktitle = {Journal of Economics \& …},
	issn = 10586407,
	journal = {Journal of Economics \& …},
	month = 6,
	number = 2,
	pages = {457-486},
	title = {Provider competition in a dynamic setting},
	url = {http://onlinelibrary.wiley.com/doi/10.1111/j.1530-9134.2009.00220.x/full http://doi.wiley.com/10.1111/j.1530-9134.2009.00220.x},
	urldate = {17/02/14},
	volume = 18,
	year = 2009
}

@article{Allard2011,
	author = {Allard, Marie and Jelovac, Izabela and Léger, Pierre Thomas},
	booktitle = {Journal of health economics},
	issn = {1879-1646},
	journal = {Journal of health economics},
	keywords = {Altruism,Capitation Fee,Clinical Competence,Cost Control,Decision Making,Fee-for-Service Plans,Gatekeeping,Gatekeeping: economics,General Practice,General Practice: economics,General Practitioners,General Practitioners: psychology,Humans,Models, Econometric,Physician Incentive Plans,Physician Incentive Plans: economics,Physician's Practice Patterns,Physician's Practice Patterns: economics,Physician's Practice Patterns: statistics \& numeri,Referral and Consultation,Referral and Consultation: economics,Referral and Consultation: statistics \& numerical },
	month = 9,
	number = 5,
	pages = {880-93},
	publisher = {Elsevier B.V.},
	title = {Treatment and referral decisions under different physician payment mechanisms.},
	url = {http://www.ncbi.nlm.nih.gov/pubmed/21782263},
	urldate = {18/03/13},
	volume = 30,
	year = 2011
}

@article{Allen1934,
	author = {Allen, RGD and Hicks, JR},
	booktitle = {Economica},
	journal = {Economica},
	number = 2,
	pages = {196-219},
	title = {A Reconsideration of the Theory of Value},
	url = {http://econ.ucdenver.edu/beckman/Research/readings/allen-1934.pdf},
	urldate = {07/08/13},
	volume = 1,
	year = 1934
}

@book{Allen1938,
	author = {Allen, RGD},
	title = {Mathematical analysis for economists},
	url = {http://library.dmr.go.th/library/TextBooks/3385.pdf},
	urldate = {07/08/13},
	year = 1938
}

@article{Allen1953,
	author = {Allen, S. G.},
	booktitle = {The Annals of Mathematical Statistics},
	issn = {0003-4851},
	journal = {The Annals of Mathematical Statistics},
	month = 6,
	number = 2,
	pages = {295-298},
	title = {A Class of Minimax Tests for One-sided Composite Hypotheses},
	url = {http://www.jstor.org/stable/2236336 http://projecteuclid.org/euclid.aoms/1177729036},
	urldate = {01/07/14},
	volume = 24,
	year = 1953
}

@article{Allen1983,
	author = {Allen, B},
	booktitle = {Journal of mathematical economics},
	journal = {Journal of mathematical economics},
	pages = {63-101},
	title = {Neighboring information and distributions of agents' characteristics under uncertainty},
	url = {http://www.sciencedirect.com/science/article/pii/0304406883900514},
	urldate = {14/05/13},
	volume = 12,
	year = 1983
}

@article{Allen1986,
	author = {Allen, B},
	booktitle = {The review of economic studies},
	journal = {The review of economic studies},
	number = 3,
	pages = {311-323},
	title = {The demand for (differentiated) information},
	url = {http://restud.oxfordjournals.org/content/53/3/311.short},
	urldate = {14/05/13},
	volume = 53,
	year = 1986
}

@article{Allen1990,
	author = {Allen, B},
	booktitle = {The American Economic Review},
	journal = {The American Economic Review},
	number = 2,
	title = {Information as an economic commodity},
	url = {http://www.jstor.org/stable/10.2307/2006582},
	urldate = {13/05/13},
	volume = 80,
	year = 1990
}

@article{Amir2005,
	author = {Amir, Rabah},
	booktitle = {Southern Economic Journal},
	issn = 00384038,
	journal = {Southern Economic Journal},
	month = 1,
	number = {January 2004},
	pages = {636-660},
	title = {Supermodularity and complementarity in economics: an elementary survey},
	url = {http://www.jstor.org/stable/10.2307/20062066?origin=crossref http://www.jstor.org/stable/20062066},
	urldate = {13/06/14},
	volume = 71,
	year = 2005
}

@article{Andersen2010,
	author = {Andersen, Kim Normann and Medaglia, Rony},
	booktitle = {Oekonomistyring og Informatik},
	isbn = 9788792524102,
	journal = {Oekonomistyring og Informatik},
	number = {April},
	pages = {135-160},
	title = {Danskerne syge med nettet : E-konsultationer og policy udfordringer},
	volume = 26,
	year = 2010
}

@article{Anscombe1963,
	author = {Anscombe, FJ and Aumann, RJ},
	booktitle = {The annals of mathematical statistics},
	journal = {The annals of mathematical statistics},
	number = 1,
	pages = {199-205},
	title = {A definition of subjective probability},
	url = {http://www.jstor.org/stable/10.2307/2991295},
	urldate = {15/01/14},
	volume = 34,
	year = 1963
}

@article{Arellano2001,
	author = {Arellano, Manuel and Honoré, B},
	booktitle = {Handbook of econometrics},
	journal = {Handbook of econometrics},
	title = {Panel data models: some recent developments},
	url = {http://www.sciencedirect.com/science/article/pii/S1573441201050061},
	urldate = {09/09/13},
	volume = 5,
	year = 2001
}

@book{Arrow1948,
	author = {Arrow, KJ and Blackwell, David and Girshick, MA},
	number = 3,
	pages = {213-244},
	title = {Bayes and minimax solutions of sequential decision problems},
	url = {http://cowles.econ.yale.edu/P/cp/p00a/p0040.pdf},
	urldate = {02/06/14},
	volume = 17,
	year = 1948
}

@article{Arrow1962,
	author = {Arrow, KJ},
	booktitle = {… of inventive activity: Economic and social factors},
	isbn = 0870143042,
	journal = {… of inventive activity: Economic and social factors},
	pages = {609-626},
	title = {Economic welfare and the allocation of resources for invention},
	url = {http://www.nber.org/chapters/c2144.pdf},
	urldate = {13/05/13},
	volume = {I},
	year = 1962
}

@article{Arrow1963,
	author = {Arrow, KJ},
	booktitle = {The American Economic Review},
	journal = {The American Economic Review},
	number = 5,
	pages = {941-973},
	title = {Uncertainty and the Welfare Economics of Medical Care},
	volume = 53,
	year = 1963
}

@article{Arrow1985,
	author = {Arrow, KJ},
	booktitle = {The American Economic Review},
	issn = {0036-8075},
	journal = {The American Economic Review},
	month = 2,
	number = 2,
	pages = {303-307},
	title = {Informational Structure of the Firm},
	url = {http://www.ncbi.nlm.nih.gov/pubmed/20888544},
	volume = 75,
	year = 1985
}

@article{Ashworth2006,
	author = {Ashworth, Scott and De Bueno Mesquita, Ethan},
	booktitle = {American Journal of Political Science},
	isbn = {0092-5853},
	issn = 00925853,
	journal = {American Journal of Political Science},
	number = 1,
	pages = {214-231},
	title = {Monotone Comparative Statics for models of politics},
	volume = 50,
	year = 2006
}

@unpublished{Athey1998,
	author = {Athey, Susan Carleton and Levin, J},
	title = {The value of information in a monotone decision problms},
	url = {http://economics.yale.edu/sites/default/files/files/Workshops-Seminars/MicroTheory/levin-991201.pdf},
	urldate = {30/05/14},
	year = 1998
}

@unpublished{Athey1998a,
	author = {Athey, Susan Carleton},
	number = {July},
	title = {Comparative statics under uncertainty: single crossing properties and log-supermodularity},
	url = {http://papers.ssrn.com/sol3/papers.cfm?abstract\_id=8585},
	urldate = {15/07/14},
	year = 1998
}

@unpublished{Athey1998b,
	author = {Athey, Susan Carleton and Levin, J},
	title = {The value of information in a monotone decision problms},
	url = {http://economics.yale.edu/sites/default/files/files/Workshops-Seminars/MicroTheory/levin-991201.pdf},
	urldate = {30/05/14},
	year = 1998
}

@article{Athey2002,
	author = {Athey, Susan Carleton},
	booktitle = {The Quarterly Journal of Economics},
	isbn = {10.1162/003355302753399481},
	issn = {0033-5533},
	journal = {The Quarterly Journal of Economics},
	month = 2,
	number = 1,
	pages = {187-223},
	publisher = {Oxford University Press},
	title = {Monotone Comparative Statics under Uncertainty},
	url = {http://qje.oxfordjournals.org/content/117/1/187.abstract},
	urldate = {27/05/14},
	volume = 117,
	year = 2002
}

@article{Aumann1976,
	author = {Aumann, RJ},
	booktitle = {The annals of statistics},
	journal = {The annals of statistics},
	number = 6,
	pages = {1236-1239},
	title = {Agreeing to disagree},
	url = {http://www.jstor.org/stable/2958591},
	urldate = {31/03/14},
	volume = 4,
	year = 1976
}

@article{Auster1981,
	author = {Auster, Richard D and Oaxaca, Ronald L},
	booktitle = {The Journal of Human Resources},
	issn = {0022166X},
	journal = {The Journal of Human Resources},
	keywords = {SID},
	number = 3,
	pages = {pp. 327-342},
	publisher = {University of Wisconsin Press},
	title = {Identification of Supplier Induced Demand in the Health Care Sector},
	url = {http://www.jstor.org/stable/145624},
	volume = 16,
	year = 1981
}

@article{Austin2013,
	author = {Austin, Steven R and Wong, Yu-Ning and Uzzo, Robert G and Beck, J Robert and Egleston, Brian L},
	booktitle = {Medical care},
	issn = {1537-1948},
	journal = {Medical care},
	keywords = {00,charlson comorbidity index,comorbidity adjustment,comorbidity summary,elixhauser score,kidney cancer,measures,med care 2013,prognostic models,seer-medicare},
	month = 5,
	number = 00,
	pages = {1-8},
	title = {Why Summary Comorbidity Measures Such As the Charlson Comorbidity Index and Elixhauser Score Work.},
	url = {http://www.ncbi.nlm.nih.gov/pubmed/23703645},
	volume = 00,
	year = 2013
}

@article{Ayanian1994,
	author = {Ayanian, JZ and Hauptman, PJ},
	booktitle = {… England Journal of …},
	journal = {… England Journal of …},
	title = {Knowledge and practices of generalist and specialist physicians regarding drug therapy for acute myocardial infarction},
	url = {http://www.nejm.org/doi/pdf/10.1056/NEJM199410273311707},
	urldate = {11/04/14},
	year = 1994
}

@article{Baker2005,
	author = {Baker, L and Rideout, J},
	booktitle = {Journal of the American …},
	journal = {Journal of the American …},
	pages = {530-536},
	title = {Effect of an Internet-based system for doctor-patient communication on health care spending},
	url = {http://171.67.114.118/content/12/5/530.abstract},
	urldate = {22/04/13},
	year = 2005
}

@article{Baker2012,
	author = {Baker, George},
	number = 4,
	pages = {728-751},
	title = {Distortion and Risk in Optimal Incentive Contracts Distortion and Risk in Optimal Incentive Contracts},
	volume = 37,
	year = 2012
}

@article{Barros2005,
	author = {Barros, PP and Olivella, P},
	booktitle = {Journal of Economics \& Management …},
	journal = {Journal of Economics \& Management …},
	number = 3,
	pages = {623-646},
	title = {Waiting lists and patient selection},
	url = {http://onlinelibrary.wiley.com/doi/10.1111/j.1530-9134.2005.00076.x/full},
	urldate = {15/04/13},
	volume = 14,
	year = 2005
}

@article{Benartzi1995,
	author = {Benartzi, Shlomo and Thaler, RH Richard H},
	booktitle = {The quarterly journal of Economics},
	issn = 00335533,
	journal = {The quarterly journal of Economics},
	keywords = {BONDS (Finance),CAPITALISTS \& financiers,EQUITY,INVESTMENTS,PUZZLES,STOCKS (Finance)},
	number = 1,
	pages = 73,
	title = {Myopic loss aversion and the equity premium puzzle},
	url = {http://search.ebscohost.com.ep.fjernadgang.kb.dk/login.aspx?direct=true\&db=bth\&AN=9503230831\&site=ehost-live http://qje.oxfordjournals.org/content/110/1/73.short},
	urldate = {15/04/13},
	volume = 110,
	year = 1995
}

@article{Benoit2010,
	author = {Benoit, Jean-pierre and Burguet, Roberto and Caruana, Guillermo and Ellickson, Bryan and Hernando, Angel and Mas-collel, Andreu and Quah, John K.-H. and Shi, Xianwen and Vives, Xavier},
	booktitle = {Econometrica},
	issn = {0012-9682},
	journal = {Econometrica},
	number = 3,
	pages = {1007-1030},
	title = {Signal Orderings Based on Dispersion and the Supply of Private Information in Auctions},
	url = {http://doi.wiley.com/10.3982/ECTA6640},
	urldate = {29/01/14},
	volume = 78,
	year = 2010
}

@article{Berg2009,
	author = {van den Berg, Michael J and de Bakker, Dinny H and Westert, Gert P and van der Zee, Jouke and Groenewegen, Peter P},
	booktitle = {BMC health services research},
	issn = {1472-6963},
	journal = {BMC health services research},
	keywords = {Aged,Decision Making,Female,Health Services Accessibility,Humans,Male,Middle Aged,National Health Programs,Netherlands,Physicians, Family,Physicians, Family: economics,Questionnaires,Referral and Consultation,Reimbursement Mechanisms,Waiting Lists},
	month = 1,
	pages = 39,
	title = {Do list size and remuneration affect GPs' decisions about how they provide consultations?},
	url = {http://www.pubmedcentral.nih.gov/articlerender.fcgi?artid=2654894\&tool=pmcentrez\&rendertype=abstract},
	urldate = {15/04/13},
	volume = 9,
	year = 2009
}

@article{Bergmo2005,
	author = {Bergmo, Trine S and Kummervold, Per Egil and Gammon, Deede and Dahl, Lauritz Bredrup},
	booktitle = {International journal of medical informatics},
	issn = {1386-5056},
	journal = {International journal of medical informatics},
	keywords = {Adult,Electronic Mail,Electronic Mail: utilization,Female,Health Care Surveys,Humans,Male,Norway,Norway: epidemiology,Office Visits,Office Visits: utilization,Physician-Patient Relations,Primary Health Care,Primary Health Care: statistics \& numerical data,Remote Consultation,Remote Consultation: utilization,Telephone,Telephone: utilization},
	month = 9,
	number = 9,
	pages = {705-10},
	title = {Electronic patient-provider communication: will it offset office visits and telephone consultations in primary care?},
	url = {http://www.ncbi.nlm.nih.gov/pubmed/16095961},
	urldate = {22/04/13},
	volume = 74,
	year = 2005
}

@article{Bergstrom2013,
	author = {Bergstrom, Ted},
	pages = {1-13},
	title = {Lecture Notes on Elasticity of Substitution},
	year = 2013
}

@article{Bernardo1979,
	annote = {From Duplicate 1 ( Expected information as expected utility - Bernardo, JM )},
	author = {Bernardo, JM},
	booktitle = {The Annals of Statistics},
	journal = {The Annals of Statistics},
	note = {From Duplicate 1 ( Expected information as expected utility - Bernardo, JM )},
	title = {Expected information as expected utility},
	url = {http://www.jstor.org/stable/2958753},
	urldate = {10/03/14},
	year = 1979
}

@article{Bernheim1986,
	author = {Bernheim, BD and Whinston, MD},
	booktitle = {Econometrica: Journal of the Econometric …},
	journal = {Econometrica: Journal of the Econometric …},
	keywords = {efficiency,principal-agent,remedies,several principals},
	number = 4,
	pages = {923-942},
	title = {Common agency},
	url = {http://www.jstor.org/stable/10.2307/1912844},
	urldate = {15/04/13},
	volume = 54,
	year = 1986
}

@article{Bikhchandani1992,
	author = {Bikhchandani, Sushil and Segal, Uzi and Sharma, Sunil},
	booktitle = {Journal of Economic Theory},
	issn = 00220531,
	journal = {Journal of Economic Theory},
	month = 4,
	number = 2,
	pages = {352-377},
	title = {Stochastic dominance under Bayesian learning},
	url = {http://www.sciencedirect.com/science/article/pii/002205319290087X},
	urldate = {02/06/14},
	volume = 56,
	year = 1992
}

@incollection{Bikhchandani2013,
	author = {Bikhchandani, Sushil and Hirshleifer, Jack and Riley, John G.},
	booktitle = {The Analytics of Uncertainty and Information},
	isbn = 9781139016209,
	journal = {The Analytics of Uncertainty and Information},
	pages = {169-223},
	title = {Information and Informational Decisions},
	year = 2013
}

@article{Blackorby1981,
	author = {Blackorby, Charles and Russell, RR},
	booktitle = {The Review of Economic Studies},
	journal = {The Review of Economic Studies},
	number = 1,
	pages = {147-158},
	title = {The Morishima elasticity of substitution; symmetry, constancy, separability, and its relationship to the Hicks and Allen elasticities},
	url = {http://www.jstor.org/stable/10.2307/2297127},
	urldate = {30/01/14},
	volume = 48,
	year = 1981
}

@article{Blackorby1989,
	annote = {From Duplicate 1 ( Will the real elasticity of substitution please stand up?(A comparison of the Allen/Uzawa and Morishima elasticities) - Blackorby, Charles; Russell, RR Robert ) From Duplicate 1 ( Will the real elasticity of substitution please stand up?(A comparison of the Allen/Uzawa and Morishima elasticities) - Blackorby, Charles; Russell, RR ) From Duplicate 2 ( Will the Real Elasticity of Substitution Please Stand Up? (A Comparison of the Allen/Uzawa and Morishima Elasticities) - Blackorby, Charles; Russell, R Robert ) From Duplicate 2 ( Will the Real Elasticity of Substitution Please Stand Up? (A Comparison of the Allen/Uzawa and Morishima Elasticities) - Blackorby, C; Russell, R R ) From Duplicate 2 ( Will the Real Elasticity of Substitution Please Stand Up? (A Comparison of the Allen/Uzawa and Morishima Elasticities) - Blackorby, Charles; Russell, R Robert ) From Duplicate 2 ( Will the Real Elasticity of Substitution Please Stand Up? (A Comparison of the Allen/Uzawa and Morishima Elasticities) - Blackorby, C; Russell, R R )},
	author = {Blackorby, Charles and Russell, RR},
	booktitle = {The American Economic Review},
	journal = {The American Economic Review},
	note = {From Duplicate 1 ( Will the real elasticity of substitution please stand up?(A comparison of the Allen/Uzawa and Morishima elasticities) - Blackorby, Charles; Russell, RR Robert ) From Duplicate 1 ( Will the real elasticity of substitution please stand up?(A comparison of the Allen/Uzawa and Morishima elasticities) - Blackorby, Charles; Russell, RR ) From Duplicate 2 ( Will the Real Elasticity of Substitution Please Stand Up? (A Comparison of the Allen/Uzawa and Morishima Elasticities) - Blackorby, Charles; Russell, R Robert ) From Duplicate 2 ( Will the Real Elasticity of Substitution Please Stand Up? (A Comparison of the Allen/Uzawa and Morishima Elasticities) - Blackorby, C; Russell, R R ) From Duplicate 2 ( Will the Real Elasticity of Substitution Please Stand Up? (A Comparison of the Allen/Uzawa and Morishima Elasticities) - Blackorby, Charles; Russell, R Robert ) From Duplicate 2 ( Will the Real Elasticity of Substitution Please Stand Up? (A Comparison of the Allen/Uzawa and Morishima Elasticities) - Blackorby, C; Russell, R R )},
	number = 4,
	pages = {882-888},
	title = {Will the Real Elasticity of Substitution Please Stand Up? (A Comparison of the Allen/Uzawa and Morishima Elasticities)},
	url = {http://www.jstor.org/stable/10.2307/1827940},
	urldate = {29/01/14},
	volume = 79,
	year = 1989
}

@article{Blackwell1953,
	author = {Blackwell, David},
	booktitle = {The Annals of Mathematical Statistics},
	journal = {The Annals of Mathematical Statistics},
	number = 2,
	pages = {265-272},
	title = {Equivalent comparisons of experiments},
	url = {http://projecteuclid.org/euclid.aoms/1177729032},
	urldate = {31/05/13},
	volume = 24,
	year = 1953
}

@article{Blair2013,
	author = {Blair, Roger D and Herndon, Jill Boylston},
	title = {VENTURES : AN ECONOMIC ANALYSIS},
	volume = 1,
	year = 2013
}

@article{Blomqvist1991,
	author = {Blomqvist, Å},
	booktitle = {Journal of Health Economics},
	journal = {Journal of Health Economics},
	title = {The doctor as double agent: Information asymmetry, health insurance, and medical care},
	url = {http://www.sciencedirect.com/science/article/pii/016762969190023G},
	urldate = {28/06/13},
	volume = 10,
	year = 1991
}

@article{Bodenheimer1999,
	author = {Bodenheimer, Thomas and Lo, Bernard and Casalino, L},
	booktitle = {JAMA: the journal of the …},
	journal = {JAMA: the journal of the …},
	title = {Primary care physicians should be coordinators, not gatekeepers},
	url = {http://jama.ama-assn.org/content/281/21/2045.short},
	urldate = {15/04/13},
	year = 1999
}

@article{Boyd1992,
	author = {Boyd, Robert and Richerson, Peter J.},
	booktitle = {Ethology and Sociobiology},
	issn = 01623095,
	journal = {Ethology and Sociobiology},
	month = 5,
	number = 3,
	pages = {171-195},
	title = {Punishment allows the evolution of cooperation (or anything else) in sizable groups},
	url = {http://dx.doi.org/10.1016/0162-3095(92)90032-Y},
	urldate = {04/03/13},
	volume = 13,
	year = 1992
}

@article{Breyer1987,
	author = {Breyer, Friedrich},
	booktitle = {Journal of Health Economics},
	issn = {0167-6296},
	journal = {Journal of Health Economics},
	number = 2,
	pages = {147-157},
	title = {The specification of a hospital cost function: A comment on the recent literature},
	url = {http://www.sciencedirect.com/science/article/pii/016762968790004X},
	volume = 6,
	year = 1987
}

@article{Brocklehurst2012,
	author = {Brocklehurst, P and Tickle, M and Birch, S and Am, Glenny and Mertz, E and Grytten, Jostein},
	number = 5,
	title = {The effect of different methods of remuneration on the behaviour of primary care dentists ( Protocol )},
	year = 2012
}

@article{Brown2013,
	author = {Brown, Dustin C. and Hummer, Robert A. and Hayward, Mark D.},
	booktitle = {Population Research and Policy Review},
	issn = {0167-5923},
	journal = {Population Research and Policy Review},
	month = 10,
	title = {The Importance of Spousal Education for the Self-Rated Health of Married Adults in the United States},
	url = {http://link.springer.com/10.1007/s11113-013-9305-6},
	urldate = {29/10/13},
	year = 2013
}

@article{BurtonAWeisbrod1991,
	author = {{Burton A. Weisbrod}},
	booktitle = {Journal of economic litterature},
	journal = {Journal of economic litterature},
	number = 2,
	pages = {523-552},
	title = {An Care Quadrilemma : Essay on Technological Change , of Care , Quality and Insurance , Cost Containment},
	volume = 29,
	year = 1991
}

@article{Camerer1997,
	author = {Camerer, Colin and Babcock, Linda and Loewenstein, George and Thaler, RH Richard H},
	booktitle = {The Quarterly Journal of Economics},
	issn = {1531-4650},
	journal = {The Quarterly Journal of Economics},
	number = 2,
	pages = {407-441},
	publisher = {Oxford University Press},
	title = {Labor Supply of New York City Cabdrivers: One Day at a Time},
	url = {http://dx.doi.org/10.1162/003355397555244},
	volume = 112,
	year = 1997
}

@article{Car2004,
	author = {Car, Josip and Sheikh, Aziz},
	booktitle = {Bmj},
	journal = {Bmj},
	pages = {435-438},
	title = {Email consultations in health care: 1-scope and effectiveness},
	url = {http://www.bmj.com/content/329/7463/435},
	urldate = {23/04/13},
	year = 2004
}

@article{Carlsen2000,
	author = {Carlsen, Fredrik and Grytten, Jostein},
	booktitle = {Journal of Health Economics},
	issn = {0167-6296},
	journal = {Journal of Health Economics},
	keywords = { SID,Physicians},
	number = 5,
	pages = {731-753},
	title = {Consumer satisfaction and supplier induced demand},
	url = {http://www.sciencedirect.com/science/article/pii/S0167629600000448},
	volume = 19,
	year = 2000
}

@article{Cauley1987,
	author = {Cauley, SD},
	booktitle = {The Review of Economics and Statistics},
	journal = {The Review of Economics and Statistics},
	number = 1,
	pages = {59-66},
	title = {The time price of medical care},
	url = {http://www.jstor.org/stable/10.2307/1937901},
	urldate = {03/02/14},
	volume = 69,
	year = 1987
}

@article{Chandra2007,
	author = {Chandra, Amitabh and Staiger, Douglas O},
	booktitle = {The journal of political economy},
	issn = {0022-3808},
	journal = {The journal of political economy},
	month = 1,
	pages = {103-140},
	title = {PRODUCTIVITY SPILLOVERS IN HEALTHCARE: EVIDENCE FROM THE TREATMENT OF HEART ATTACKS.},
	url = {http://www.pubmedcentral.nih.gov/articlerender.fcgi?artid=2311510\&tool=pmcentrez\&rendertype=abstract},
	urldate = {23/05/14},
	volume = 115,
	year = 2007
}

@article{Chang1996,
	author = {Chang, Fwu-Ranq},
	booktitle = {Journal of Health Economics},
	issn = {0167-6296},
	journal = {Journal of Health Economics},
	keywords = {Absolute risk aversion},
	number = 3,
	pages = {369-376},
	title = {Uncertainty and investment in health},
	url = {http://www.sciencedirect.com/science/article/pii/0167629696000069},
	volume = 15,
	year = 1996
}

@article{Chassang2010,
	author = {Chassang, Sylvain},
	booktitle = {Econometrica},
	issn = {0012-9682},
	journal = {Econometrica},
	number = 3,
	pages = {973-1006},
	title = {Fear of Miscoordination and the Robustness of Cooperation in Dynamic Global Games With Exit},
	url = {http://doi.wiley.com/10.3982/ECTA7324},
	urldate = {16/09/14},
	volume = 78,
	year = 2010
}

@article{Chaudhuri2003,
	author = {Chaudhuri, Shubham and Goldberg, Pinelopi K and Jia, Panle},
	month = 12,
	title = {Estimating the Effects of Global Patent Protection in Pharmaceuticals: A Case Study of Quinolones in India},
	url = {http://www.nber.org/papers/w10159},
	urldate = {23/05/14},
	year = 2003
}

@article{Christensen1973,
	author = {Christensen, LR and Jorgenson, DW and Lau, LJ},
	booktitle = {The review of economics and …},
	journal = {The review of economics and …},
	number = 1,
	pages = {28-45},
	title = {Transcendental Logarithmic Production Frontiers},
	url = {http://www.jstor.org/stable/10.2307/1927992},
	urldate = {28/01/14},
	volume = 55,
	year = 1973
}

@article{Christev2007,
	author = {Christev, A and Featherstone, Allen},
	keywords = {Translog Cost Function,elasticity of substitution, Translog Cost Function},
	number = 2712,
	title = {A note on Allen-Uzawa partial elasticities of substitution: the case of the translog cost function},
	url = {http://www.econstor.eu/handle/10419/34274},
	urldate = {08/08/13},
	year = 2007
}

@book{Christiansen2002,
	author = {Christiansen, T and Lauridsen, J and Kamper-Jørgensen, F and Universitet, S},
	publisher = {Syddansk Universitet},
	title = {Demand for private health insurance and demand for health care by privately and non-privately insured in Denmark},
	year = 2002
}

@article{Claxton1999,
	author = {Claxton, K},
	booktitle = {Health economics},
	journal = {Health economics},
	keywords = {bayesian decision theory,statistical methods,the value of information},
	number = {December 1998},
	pages = {269-274},
	title = {Bayesian approaches to the value of information: implications for the regulation of new pharmaceuticals},
	url = {http://mres.gmu.edu/readings/BayesianArticles/Claxton1999.pdf},
	urldate = {10/03/14},
	volume = 274,
	year = 1999
}

@article{Cochrane2005,
	author = {Cochrane, John H JH},
	title = {Writing Tips for Ph . D . Students},
	url = {http://mayoral.iae-csic.org/timeseries\_bgse13/phd\_paper\_writing.pdf},
	urldate = {03/10/13},
	year = 2005
}

@article{Coffey1983,
	author = {Coffey, RM},
	booktitle = {Journal of Human Resources},
	journal = {Journal of Human Resources},
	number = 3,
	pages = {407-424},
	title = {The effect of time price on the demand for medical-care services},
	url = {http://www.jstor.org/stable/10.2307/145209},
	urldate = {09/08/13},
	volume = 18,
	year = 1983
}

@article{Cooper1987,
	author = {Cooper, Russell and Hayes, Beth},
	booktitle = {International Journal of Industrial Organization},
	issn = 01677187,
	journal = {International Journal of Industrial Organization},
	month = 1,
	number = {February 1984},
	pages = {211-231},
	title = {Multi-period insurance contracts},
	url = {http://www.sciencedirect.com/science/article/pii/S0167718787800206},
	urldate = {13/02/14},
	volume = 5,
	year = 1987
}

@article{Cooper2011,
	author = {Cooper, Zack and Gibbons, Stephen and Jones, Simon and McGuire, Alistair},
	booktitle = {The Economic Journal},
	issn = 00130133,
	journal = {The Economic Journal},
	month = 8,
	number = 554,
	pages = {F228-F260},
	title = {Does Hospital Competition Save Lives? Evidence From The English NHS Patient Choice Reforms*},
	url = {http://doi.wiley.com/10.1111/j.1468-0297.2011.02449.x},
	urldate = {23/05/14},
	volume = 121,
	year = 2011
}

@article{Couturier2000,
	author = {Chaix-Couturier, C and Durand-Zaleski, I and Jolly, D and Durieux, P},
	booktitle = {International journal for quality in health care : journal of the International Society for Quality in Health Care / ISQua},
	issn = {1353-4505},
	journal = {International journal for quality in health care : journal of the International Society for Quality in Health Care / ISQua},
	keywords = {Capitation Fee,Diagnosis-Related Groups,Fee-for-Service Plans,Fee-for-Service Plans: economics,Managed Care Programs,Managed Care Programs: economics,Physician Incentive Plans,Physician Incentive Plans: economics,Physician's Practice Patterns,Physician's Practice Patterns: economics,Reimbursement, Incentive},
	month = 4,
	number = 2,
	pages = {133-42},
	title = {Effects of financial incentives on medical practice: results from a systematic review of the literature and methodological issues.},
	url = {http://www.ncbi.nlm.nih.gov/pubmed/10830670},
	volume = 12,
	year = 2000
}

@article{Cremer1982,
	author = {Crémer, J},
	booktitle = {Journal of Economic Theory},
	journal = {Journal of Economic Theory},
	pages = {439-443},
	title = {A simple proof of Blackwell's “comparison of experiments” theorem},
	url = {http://www.sciencedirect.com/science/article/pii/0022053182900400},
	urldate = {04/06/14},
	volume = 4391143,
	year = 1982
}

@article{Crew1969,
	author = {Crew, M},
	booktitle = {The American Economic Review},
	journal = {The American Economic Review},
	number = 5,
	pages = {906-908},
	title = {Coinsurance and the welfare economics of medical care},
	url = {http://www.jstor.org/stable/10.2307/1810685},
	urldate = {15/04/13},
	volume = 59,
	year = 1969
}

@article{Cromwell1986,
	author = {Cromwell, Jerry and Mitchell, JB},
	booktitle = {Journal of health economics},
	journal = {Journal of health economics},
	number = 95,
	pages = {293-313},
	title = {Physician induced demand for surgery},
	url = {http://www.sciencedirect.com/science/article/pii/0167629686900068},
	urldate = {25/03/13},
	year = 1986
}

@article{Currie2008,
	author = {Currie, Janet and MacLeod, W. Bentley},
	booktitle = {Quarterly Journal of Economics},
	issn = {0033-5533},
	journal = {Quarterly Journal of Economics},
	month = 5,
	number = 2,
	pages = {795-830},
	publisher = {Oxford University Press},
	title = {First Do No Harm? Tort Reform and Birth Outcomes *},
	url = {http://qje.oxfordjournals.org/content/123/2/795.abstract},
	urldate = {23/05/14},
	volume = 123,
	year = 2008
}

@article{Currie2012,
	author = {Currie, Janet and Lin, Wanchuan and Meng, Juanjuan},
	number = 70903003,
	title = {Using audit studies to test for physician induced demand: the case of antibiotic abuse in China},
	url = {http://www.nber.org/papers/w18153},
	urldate = {09/09/14},
	year = 2012
}

@article{Daly2010,
	author = {Daly, Patrick W},
	title = {Natural Sciences Citations and References ( Author - Year and Numerical Schemes )},
	year = 2010
}

@unpublished{David2009,
	author = {David, Guy and Markowitz, Sara and Richards, Seth},
	month = 1,
	title = {The Effects of Pharmaceutical Marketing and Promotion on Adverse Drug Events and Regulation},
	url = {http://www.nber.org/papers/w14634},
	urldate = {23/05/14},
	year = 2009
}

@article{Davis1972,
	author = {Davis, Karen and Russell, LB},
	booktitle = {The Review of Economics and Statistics},
	journal = {The Review of Economics and Statistics},
	number = 2,
	pages = {109-120},
	title = {The substitution of hospital outpatient care for inpatient care},
	url = {http://www.jstor.org/stable/10.2307/1926271},
	urldate = {03/02/14},
	volume = 54,
	year = 1972
}

@article{Deb2000,
	author = {Deb, P and Holmes, a M},
	booktitle = {Health economics},
	isbn = 0470841451,
	issn = {1057-9230},
	journal = {Health economics},
	keywords = {Adolescent,Adult,Aged,Aged, 80 and over,Binomial Distribution,Data Interpretation, Statistical,Female,Finite Element Analysis,Finite Element Analysis: standards,Health Expenditures,Health Expenditures: statistics \& numerical data,Health Services Needs and Demand,Health Services Needs and Demand: statistics \& num,Humans,Male,Mental Disorders,Mental Disorders: classification,Mental Disorders: economics,Mental Health Services,Mental Health Services: economics,Mental Health Services: utilization,Middle Aged,Models, Econometric,Regression Analysis,Reproducibility of Results,Severity of Illness Index,United States},
	month = 9,
	number = 6,
	pages = {475-89},
	title = {Estimates of use and costs of behavioural health care: a comparison of standard and finite mixture models.},
	url = {http://www.ncbi.nlm.nih.gov/pubmed/10983002},
	volume = 9,
	year = 2000
}

@article{Delattre2003,
	author = {Delattre, Eric and Dormont, Brigitte},
	booktitle = {Health Economics},
	issn = {1099-1050},
	journal = {Health Economics},
	keywords = { French physicians, GMM, SID, panel data,physician-induced demand},
	number = 9,
	pages = {741-754},
	publisher = {John Wiley \& Sons, Ltd.},
	title = {Fixed fees and physician-induced demand: A panel data study on French physicians},
	url = {http://dx.doi.org/10.1002/hec.823},
	volume = 12,
	year = 2003
}

@article{Derivatives????,
	author = {Derivatives, Partial},
	pages = {117-134},
	title = {Partial Differentiation}
}

@article{Desgagne2001,
	author = {Sinclair-Desgagné, B and Series, Scientific},
	booktitle = {CIRANO Working Papers},
	journal = {CIRANO Working Papers},
	keywords = {Commen Agency},
	pages = 8,
	title = {Incentives in common agency},
	url = {http://ideas.repec.org/p/cir/cirwor/2001s-66.html},
	urldate = {26/03/13},
	volume = 1,
	year = 2001
}

@article{Devlin2013,
	author = {Devlin, Rose Anne and Hogg, William and Zhong, Jianwei and Shortt, Michael and Dahrouge, Simone and Russell, Grant},
	booktitle = {BMC health services research},
	issn = {1472-6963},
	journal = {BMC health services research},
	month = 10,
	number = 1,
	pages = 446,
	title = {Practice size, financial sharing and quality of care.},
	url = {http://www.biomedcentral.com/1472-6963/13/446},
	urldate = {05/11/13},
	volume = 13,
	year = 2013
}

@article{Diamond1974,
	author = {Diamond, PA and Stiglitz, J},
	booktitle = {Journal of Economic Theory},
	journal = {Journal of Economic Theory},
	pages = {337-360},
	title = {Increases in risk and in risk aversion},
	url = {http://scholar.google.com/scholar?hl=en\&btnG=Search\&q=intitle:Increases+in+risk+and+in+risk+aversion\#0},
	urldate = {28/05/14},
	year = 1974
}

@article{Diamond1986,
	annote = {From Duplicate 1 ( PLAYING DOCTOR : APPLICATION OF GAME THEORY MEDICAL DECISION-MAKING - Diamond, A; Rozanski, Alan; Steuer, Michael; Diamond, GA George A ) From Duplicate 2 ( PLAYING DOCTOR : APPLICATION OF GAME THEORY MEDICAL DECISION-MAKING - Diamond, A; Rozanski, Alan; Steuer, Michael; Diamond, GA George A ) From Duplicate 2 ( PLAYING DOCTOR : APPLICATION OF GAME THEORY MEDICAL DECISION-MAKING - Diamond, GA George A; Rozanski, Alan; Steuer, Michael; Diamond, A )},
	author = {Diamond, GA George A and Rozanski, Alan and Steuer, Michael},
	booktitle = {Journal of chronic diseases},
	issn = {0021-9681},
	journal = {Journal of chronic diseases},
	note = {From Duplicate 1 ( PLAYING DOCTOR : APPLICATION OF GAME THEORY MEDICAL DECISION-MAKING - Diamond, A; Rozanski, Alan; Steuer, Michael; Diamond, GA George A ) From Duplicate 2 ( PLAYING DOCTOR : APPLICATION OF GAME THEORY MEDICAL DECISION-MAKING - Diamond, A; Rozanski, Alan; Steuer, Michael; Diamond, GA George A ) From Duplicate 2 ( PLAYING DOCTOR : APPLICATION OF GAME THEORY MEDICAL DECISION-MAKING - Diamond, GA George A; Rozanski, Alan; Steuer, Michael; Diamond, A )},
	number = 9,
	pages = {669-677},
	title = {PLAYING DOCTOR : APPLICATION OF GAME THEORY MEDICAL DECISION-MAKING},
	url = {http://www.sciencedirect.com/science/article/pii/0021968186901487},
	urldate = {26/03/13},
	volume = 39,
	year = 1986
}

@article{Diewert1971,
	author = {Diewert, WE},
	booktitle = {The Journal of Political Economy},
	journal = {The Journal of Political Economy},
	number = 3,
	pages = {481-507},
	title = {An application of the Shephard duality theorem: a generalized Leontief production function},
	url = {http://www.jstor.org/stable/10.2307/1830768},
	urldate = {27/01/14},
	volume = 79,
	year = 1971
}

@article{Dine2012,
	author = {Aron-Dine, A and Einav, Liran and Finkelstein, Amy and Cullen, MR},
	keywords = {alcoa portion of the,and numerous seminar participants,and to amitabh chandra,assistance,ben handel,between alcoa,data were provided as,david molitor and james,dynamic incentives,for helpful comments and,forward looking behavior,health insurance,inc,je,kate ho,liebman,moral hazard,part of an ongoing,service and research agreement,suggestions,the,wang for outstanding research,we are grateful to},
	number = {November},
	title = {Moral hazard in health insurance: How important is forward looking behavior?},
	url = {http://www.nber.org/papers/w17802},
	urldate = {19/04/13},
	year = 2012
}

@article{Donaldson1989,
	author = {Donaldson, C and Gerard, K},
	booktitle = {The Journal of the Royal College of General Practitioners},
	journal = {The Journal of the Royal College of General Practitioners},
	number = 320,
	pages = 114,
	publisher = {Royal College of General Practitioners},
	title = {Paying general practitioners: shedding light on the review of health services.},
	volume = 39,
	year = 1989
}

@article{Donnell2000,
	author = {O'Donnell, C a},
	booktitle = {Family practice},
	issn = {0263-2136},
	journal = {Family practice},
	keywords = {Decision Making,Family Practice,Family Practice: statistics \& numerical data,Female,Great Britain,Humans,Male,Physician's Practice Patterns,Physician's Practice Patterns: statistics \& numeri,Referral and Consultation,Referral and Consultation: statistics \& numerical ,Referral and Consultation: utilization,Social Class},
	month = 12,
	number = 6,
	pages = {462-71},
	title = {Variation in GP referral rates: what can we learn from the literature?},
	url = {http://www.ncbi.nlm.nih.gov/pubmed/11120716},
	volume = 17,
	year = 2000
}

@article{Dranove1988,
	author = {Dranove, David},
	booktitle = {Economic inquiry},
	issn = {0095-2583},
	journal = {Economic inquiry},
	keywords = {Health Services Needs and Demand,Health Services Research,Humans,Models, Theoretical,Persuasive Communication,Physician's Practice Patterns,Physician-Patient Relations,Stochastic Processes,United States},
	month = 4,
	number = 2,
	pages = {281-98},
	title = {Demand inducement and the physician/patient relationship.},
	url = {http://www.ncbi.nlm.nih.gov/pubmed/10287407},
	volume = 26,
	year = 1988
}

@article{Dranove1994,
	author = {Dranove, David and Wehner, Paul},
	booktitle = {Journal of health economics},
	issn = {0167-6296},
	journal = {Journal of health economics},
	keywords = {Birth Rate,Cross-Sectional Studies,Data Collection,Female,Health Services Needs and Demand,Health Services Needs and Demand: statistics \& num,Health Services Research,Health Services Research: methods,Humans,Income,Least-Squares Analysis,Obstetrics,Obstetrics: economics,Obstetrics: manpower,Obstetrics: statistics \& numerical data,Physician supply,Pregnancy,Reproducibility of Results,SID,United States},
	month = 3,
	number = 1,
	pages = {61-73},
	title = {Physician-induced demand for childbirths.},
	url = {http://www.sciencedirect.com/science/article/pii/0167629694900043 http://www.ncbi.nlm.nih.gov/pubmed/10134439},
	volume = 13,
	year = 1994
}

@article{Dranove2002,
	author = {Dranove, David and Kessler, D. P. and McClellan, M. B. and Satterthwaite, Mark},
	month = 1,
	title = {Is More Information Better? The Effects of 'Report Cards' on Health Care Providers},
	url = {http://www.nber.org/papers/w8697},
	urldate = {23/05/14},
	year = 2002
}

@article{Dretske1971,
	author = {Dretske, Fred I.},
	booktitle = {Philosophy of Science},
	journal = {Philosophy of Science},
	number = 2,
	pages = {216-220},
	title = {Knowledge and probability},
	url = {http://www.jstor.org/stable/2023164},
	urldate = {09/04/14},
	volume = 38,
	year = 1971
}

@article{Dugdale1999,
	author = {Dugdale, D C and Epstein, R and Pantilat, S Z},
	booktitle = {Journal of general internal medicine},
	issn = {0884-8734},
	journal = {Journal of general internal medicine},
	keywords = {Chronic Disease,Delivery of Health Care,Humans,Job Satisfaction,Malpractice,Managed Care Programs,Managed Care Programs: standards,Managed Care Programs: trends,Patient Satisfaction,Physician's Practice Patterns,Physician's Practice Patterns: standards,Physician's Practice Patterns: trends,Physician-Patient Relations,Risk Management,Time Factors,United States},
	month = 1,
	pages = {S34-40},
	title = {Time and the patient-physician relationship.},
	url = {http://www.pubmedcentral.nih.gov/articlerender.fcgi?artid=1496869\&tool=pmcentrez\&rendertype=abstract},
	urldate = {20/05/14},
	volume = {14 Suppl 1},
	year = 1999
}

@article{Dustmann2000,
	author = {Dustmann, Christian},
	number = 171,
	title = {Wages and the Demand for Health - A Life Cycle Analysis},
	year = 2000
}

@article{Dutta2011,
	author = {Dutta, Antara},
	booktitle = {The Review of Economics and Statistics},
	isbn = {10.1162/REST\_a\_00056},
	journal = {The Review of Economics and Statistics},
	month = 1,
	number = {February},
	pages = {160-178},
	publisher = {The MIT Press},
	title = {From free entry to patent protection: Welfare implications for the Indian pharmaceutical industry},
	url = {http://www.mitpressjournals.org/doi/abs/10.1162/REST\_a\_00056\#.U380UvmSzSY http://www.mitpressjournals.org/doi/abs/10.1162/REST\_a\_00056},
	urldate = {23/05/14},
	volume = 93,
	year = 2011
}

@inproceedings{Eldabi2009,
	author = {Eldabi, Tillal},
	booktitle = {Winter Simulation Conference},
	isbn = {978-1-4244-5771-7},
	journal = {Winter Simulation Conference},
	keywords = {Supply},
	pages = {1831-1839},
	publisher = {Winter Simulation Conference},
	series = {WSC '09},
	title = {Implementation issues of modeling healthcare problems: misconceptions and lessons},
	url = {http://dl.acm.org/citation.cfm?id=1995456.1995710},
	year = 2009
}

@article{Ellis1990,
	author = {Ellis, RP and McGuire, Thomas G},
	booktitle = {Journal of health economics},
	journal = {Journal of health economics},
	number = 1990,
	pages = {375-396},
	title = {optimal payment systems for health services},
	url = {http://www.sciencedirect.com/science/article/pii/016762969090001J},
	urldate = {25/03/13},
	volume = 9,
	year = 1990
}

@article{Engstroem2001,
	author = {Engström, S and Foldevi, M and Borgquist, L},
	booktitle = {Scandinavian journal of primary health care},
	issn = {0281-3432},
	journal = {Scandinavian journal of primary health care},
	keywords = {Cost-Benefit Analysis,Family Practice,Family Practice: economics,Family Practice: organization \& administration,Family Practice: standards,Health Care Costs,Health Care Rationing,Humans,Quality of Health Care,Sweden,Treatment Outcome},
	month = 6,
	number = 2,
	pages = {131-44},
	title = {Is general practice effective? A systematic literature review.},
	url = {http://www.ncbi.nlm.nih.gov/pubmed/11482415},
	volume = 19,
	year = 2001
}

@article{Epstein2006,
	author = {Epstein, LG},
	booktitle = {The Review of Economic Studies},
	issn = {0034-6527},
	journal = {The Review of Economic Studies},
	month = 4,
	number = 2,
	pages = {413-436},
	title = {An axiomatic model of non-Bayesian updating},
	url = {http://restud.oxfordjournals.org/lookup/doi/10.1111/j.1467-937X.2006.00381.x http://restud.oxfordjournals.org/content/73/2/413.short},
	urldate = {11/03/14},
	volume = 73,
	year = 2006
}

@article{Epstein2008,
	author = {Epstein, LG and Noor, J and Sandroni, A},
	booktitle = {Theoretical Economics},
	journal = {Theoretical Economics},
	pages = {193-229},
	title = {Non-Bayesian updating: a theoretical framework},
	url = {http://econtheory.org/ojs/index.php/te/article/viewArticle/20080193/0},
	urldate = {11/03/14},
	volume = 3,
	year = 2008
}

@article{Escarce1998,
	author = {Escarce, José J and Pauly, Mark V},
	booktitle = {Journal of Health Economics},
	issn = {0167-6296},
	journal = {Journal of Health Economics},
	keywords = {Economies of scale},
	number = 2,
	pages = {129-151},
	title = {Physician opportunity costs in physician practice cost functions},
	url = {http://www.sciencedirect.com/science/article/pii/S0167629697000301},
	volume = 17,
	year = 1998
}

@article{Evans1974,
	author = {Evans, Robert G},
	booktitle = {The economics of health and medical care},
	journal = {The economics of health and medical care},
	pages = {162-173},
	title = {Supplier-induced demand: some empirical evidence and implications},
	volume = 6,
	year = 1974
}

@article{Evans2012,
	author = {Evans, William N. and Garthwaite, Craig L},
	booktitle = {Review of Economics and Statistics},
	issn = {0034-6535},
	journal = {Review of Economics and Statistics},
	month = 8,
	number = 3,
	pages = {635-649},
	publisher = {The MIT Press},
	title = {Estimating Heterogeneity in the Benefits of Medical Treatment Intensity},
	url = {http://www.mitpressjournals.org/doi/abs/10.1162/REST\_a\_00198\#.U38vavmSzSY},
	urldate = {23/05/14},
	volume = 94,
	year = 2012
}

@misc{Feinberg2005,
	author = {Feinberg, Yossi and Skrzypacz, Andrzej},
	booktitle = {Econometrica},
	issn = {0012-9682},
	journal = {Econometrica},
	pages = {69-91},
	title = {Uncertainty about Uncertainty and Delay in Bargaining},
	volume = 73,
	year = 2005
}

@article{Feltham1968,
	author = {Feltham, GA},
	booktitle = {The Accounting Review},
	journal = {The Accounting Review},
	number = 4,
	pages = {684-696},
	title = {The value of information},
	url = {http://www.jstor.org/stable/10.2307/243630},
	urldate = {06/05/13},
	volume = 43,
	year = 1968
}

@article{Fetter1991,
	author = {Fetter, Robert B.},
	booktitle = {Interfaces},
	issn = {0092-2102},
	journal = {Interfaces},
	keywords = {cost benefit analysis,health care: hospitals},
	month = 2,
	number = 1,
	pages = {6-26},
	publisher = {INFORMS},
	title = {Diagnosis Related Groups: Understanding Hospital Performance},
	url = {http://pubsonline.informs.org/doi/abs/10.1287/inte.21.1.6},
	urldate = {01/05/14},
	volume = 21,
	year = 1991
}

@article{Finkelstein2004,
	author = {Finkelstein, Amy},
	booktitle = {The Quarterly Journal of Economics},
	issn = {0033-5533},
	journal = {The Quarterly Journal of Economics},
	month = 5,
	number = 2,
	pages = {527-564},
	publisher = {Oxford University Press},
	title = {Static and Dynamic Effects of Health Policy: Evidence from the Vaccine Industry},
	url = {http://qje.oxfordjournals.org/content/119/2/527.abstract},
	urldate = {23/05/14},
	volume = 119,
	year = 2004
}

@article{ForeningenAfSpeciallaeger2008,
	author = {{Foreningen af Speciallæger}},
	title = {Omkostnings- og indtjeningsundersøgelse af speciallægepraksis 2008},
	year = 2008
}

@article{Forrest1998,
	author = {Forrest, C B and Starfield, Barbara},
	booktitle = {American journal of public health},
	issn = {0090-0036},
	journal = {American journal of public health},
	keywords = {Adolescent,Adult,Aged,Ambulatory Care,Ambulatory Care: statistics \& numerical data,Ambulatory Care: utilization,Child,Child, Preschool,Continuity of Patient Care,Continuity of Patient Care: statistics \& numerical,Female,Health Services Accessibility,Health Status,Health Surveys,Humans,Infant,Logistic Models,Male,Middle Aged,Patient Acceptance of Health Care,Patient Acceptance of Health Care: statistics \& nu,Poverty,Primary Health Care,Primary Health Care: statistics \& numerical data,Primary Health Care: utilization,United States},
	month = 9,
	number = 9,
	pages = {1330-6},
	title = {Entry into primary care and continuity: the effects of access.},
	url = {http://www.pubmedcentral.nih.gov/articlerender.fcgi?artid=1509069\&tool=pmcentrez\&rendertype=abstract},
	volume = 88,
	year = 1998
}

@article{Frankel2003,
	author = {Frankel, David M. and Morris, Stephen and Pauzner, Ady},
	booktitle = {Journal of Economic Theory},
	issn = 00220531,
	journal = {Journal of Economic Theory},
	keywords = {C72,D82,Equilibrium selection,Global games,Strategic complementarities,Supermodular games},
	month = 1,
	number = 1,
	pages = {1-44},
	title = {Equilibrium selection in global games with strategic complementarities},
	url = {http://www.sciencedirect.com/science/article/pii/S0022053102000182},
	urldate = {16/09/14},
	volume = 108,
	year = 2003
}

@article{Frondel2010,
	author = {Frondel, Manuel},
	number = 33,
	title = {Substitution elasticities: A theoretical and empirical comparison},
	url = {https://eldorado.tu-dortmund.de/handle/2003/27363},
	urldate = {29/01/14},
	year = 2010
}

@article{G2004,
	author = {G, Frank Richard},
	booktitle = {Chemistry \& …},
	journal = {Chemistry \& …},
	month = 11,
	pages = {1-39},
	title = {BEHAVIORAL ECONOMICS AND HEALTH ECONOMICS},
	url = {http://onlinelibrary.wiley.com/doi/10.1002/cbdv.200490137/abstract http://www.nber.org/papers/w10881},
	urldate = {25/03/13},
	year = 2004
}

@article{Gabel1985,
	author = {Gabel, J R and Rice, Thomas},
	booktitle = {Journal of health politics, policy and law},
	issn = {0361-6878},
	journal = {Journal of health politics, policy and law},
	keywords = {Cost Control,Fee Schedules,Health Expenditures,Health Services Accessibility,Health Services Accessibility: economics,Humans,Insurance, Health, Reimbursement,Insurance, Physician Services,Medicaid,Medicare,North Carolina,Primary Health Care,Primary Health Care: economics,United States},
	month = 1,
	number = 4,
	pages = {595-609},
	title = {Reducing public expenditures for physician services: the price of paying less.},
	url = {http://www.ncbi.nlm.nih.gov/pubmed/3919082},
	volume = 9,
	year = 1985
}

@article{Galama2011,
	author = {Galama, Titus},
	number = {January},
	title = {A contribution to health capital theory},
	url = {http://works.bepress.com/titus\_galama/1/},
	urldate = {10/09/13},
	year = 2011
}

@article{Garthwaite2011,
	author = {Garthwaite, Craig L},
	month = 5,
	title = {The Doctor Might See You Now: The Supply Side Effects of Public Health Insurance Expansions},
	url = {http://www.nber.org/papers/w17070},
	urldate = {23/05/14},
	year = 2011
}

@article{Gaynor1990,
	author = {Gaynor, Martin and Pauly, Mark V},
	booktitle = {Journal of Political Economy},
	issn = 00223808,
	journal = {Journal of Political Economy},
	number = 3,
	pages = {pp. 544-573},
	publisher = {The University of Chicago Press},
	title = {Compensation and Productive Efficiency in Partnerships: Evidence from Medical Groups Practice},
	url = {http://www.jstor.org/stable/2937699},
	volume = 98,
	year = 1990
}

@article{Gaynor2006,
	author = {Gaynor, Martin},
	institution = {National Bureau of Economic Research},
	number = 12301,
	school = {National Bureau of Economic Research},
	series = {Working Paper Series},
	title = {What Do We Know About Competition and Quality in Health Care Markets?},
	url = {http://www.nber.org/papers/w12301},
	urldate = {25/03/13},
	year = 2006
}

@article{Gaynor2011,
	author = {Gaynor, Martin and Town, RJ Robert J.},
	booktitle = {Handbook of Health Economics, Volume 2},
	isbn = 9780444535924,
	issn = {1574-0064},
	journal = {Handbook of Health Economics, Volume 2},
	keywords = {antitrust,competition,competition policy,health care,health insurance,hospitals,industrial organization,markets,physicians},
	pages = {499-637},
	publisher = {Elsevier B.V.},
	title = {Competition in Health Care Markets},
	url = {http://dx.doi.org/10.1016/B978-0-444-53592-4.00009-8 http://www.nber.org/papers/w17208},
	urldate = {25/03/13},
	volume = 2,
	year = 2011
}

@article{Gaynor2012,
	author = {Gaynor, Martin and Moreno-Serra, R and Propper, C},
	booktitle = {Journal of Health Services Research \& Policy},
	journal = {Journal of Health Services Research \& Policy},
	number = {suppl 1},
	pages = {49-54},
	publisher = {Royal Society of Medicine Press Ltd},
	title = {Can competition improve outcomes in UK health care? Lessons from the past two decades},
	volume = 17,
	year = 2012
}

@article{Gerdtham1999,
	author = {Gerdtham, U G and Johannesson, M},
	booktitle = {Social science \& medicine},
	journal = {Social science \& medicine},
	number = 10,
	pages = {1325-1332},
	publisher = {Elsevier},
	title = {New estimates of the demand for health: results based on a categorical health measure and Swedish micro data},
	volume = 49,
	year = 1999
}

@article{Gertler1995,
	annote = {From Duplicate 1 ( Moral Hazard and Risk Spreading in Partnerships - Gaynor, Martin; Gertler, Paul; Gay, Martin )},
	author = {Gertler, Paul and Gaynor, Martin},
	booktitle = {The RAND Journal of Economics},
	issn = 07416261,
	journal = {The RAND Journal of Economics},
	note = {From Duplicate 1 ( Moral Hazard and Risk Spreading in Partnerships - Gaynor, Martin; Gertler, Paul; Gay, Martin )},
	number = 4,
	pages = {591+},
	publisher = {RAND Corporation},
	title = {Moral Hazard and Risk Spreading in Partnerships},
	url = {http://dx.doi.org/10.2307/2556008 http://www.rand.org/pubs/reprints/RP516.html},
	urldate = {23/05/14},
	volume = 26,
	year = 1995
}

@article{Geweke2003,
	author = {Geweke, John and Gowrisankaran, Gautam and Town, RJ Robert J.},
	booktitle = {Econometrica},
	issn = {0012-9682},
	journal = {Econometrica},
	keywords = {bayesian inference,hospital quality,mcmc,medicare,mortality,pneumonia,simultaneous equations},
	month = 7,
	number = 4,
	pages = {1215-1238},
	title = {Bayesian inference for hospital quality in a selection model},
	url = {http://doi.wiley.com/10.1111/1468-0262.00444 http://onlinelibrary.wiley.com/doi/10.1111/1468-0262.00444/abstract},
	urldate = {23/05/14},
	volume = 71,
	year = 2003
}

@article{Gill1998,
	author = {Gill, James M.},
	booktitle = {Archives of Family Medicine},
	journal = {Archives of Family Medicine},
	pages = {352-357},
	title = {The role of provider continuity in preventing hospitalizations},
	url = {http://triggered.stanford.clockss.org/ServeContent?rft\_id=info:doi/10.1001/archfami.7.4.352},
	urldate = {15/04/13},
	volume = 7,
	year = 1998
}

@article{Glazer1993,
	author = {Glazer, Jacob and McGuire, Thomas G},
	booktitle = {Journal of Health Economics},
	journal = {Journal of Health Economics},
	pages = {239-258},
	title = {Should physicians be permitted to 'balance bill' patients?},
	volume = 12,
	year = 1993
}

@article{Glazer1994,
	author = {Glazer, Jacob and McGuire, Thomas G},
	booktitle = {Journal of Economics \& Management Strategy},
	issn = {1530-9134},
	journal = {Journal of Economics \& Management Strategy},
	keywords = {Commen Agency},
	number = 1,
	pages = {71-92},
	publisher = {Blackwell Publishing Ltd},
	title = {Payer Competition and Cost Shifting in Health Care},
	url = {http://dx.doi.org/10.1111/j.1430-9134.1994.00071.x},
	volume = 3,
	year = 1994
}

@incollection{Glied2000,
	author = {Glied, Sherry A},
	booktitle = {Handbook of Health Economics},
	journal = {Handbook of Health Economics},
	title = {Managed care},
	volume = 1,
	year = 2000
}

@article{Glied2002,
	author = {Glied, Sherry A and Remler, Dahlia K},
	booktitle = {National Tax Journal},
	issn = 00280283,
	journal = {National Tax Journal},
	keywords = {HEALTH care industry,HEALTH insurance,MEDICAL care,MEDICAL economics,MEDICAL technology,PUBLIC health},
	number = 4,
	pages = {771-788},
	title = {What Every Public Finance Economist Needs to Know About Health Economics: Recent Advances and Unresolved Questions.},
	url = {http://search.ebscohost.com.ep.fjernadgang.kb.dk/login.aspx?direct=true\&db=bth\&AN=8963849\&site=ehost-live http://ntj.tax.org/wwtax/ntjrec.nsf/175d710dffc186a385256a31007cb40f/103e83107dd1702385256cc5007fefd6/$FILE/A08.pdf},
	urldate = {25/03/13},
	volume = 55,
	year = 2002
}

@article{Gneezy2004,
	author = {Gneezy, Uri and Haruvy, Ernan and Yafe, Hadas},
	booktitle = {The Economic Journal},
	issn = {0013-0133},
	journal = {The Economic Journal},
	month = 4,
	number = 495,
	pages = {265-280},
	title = {The inefficiency of splitting the bill*},
	url = {http://doi.wiley.com/10.1111/j.1468-0297.2004.00209.x},
	volume = 114,
	year = 2004
}

@article{Gosden2001,
	author = {Gosden, Toby and Forland, Frode},
	booktitle = {Journal of Health …},
	journal = {Journal of Health …},
	number = 1,
	title = {Impact of payment method on behaviour of primary care physicians : a systematic review},
	url = {http://www.jhsrp.rsmjournals.com/content/6/1/44.short},
	urldate = {25/03/13},
	volume = 6,
	year = 2001
}

@article{Gossner2000,
	author = {Gossner, Olivier},
	booktitle = {Games and Economic Behavior},
	issn = 08998256,
	journal = {Games and Economic Behavior},
	keywords = {correlated equilibrium,information structure,statistical experiment,value of information},
	month = 1,
	number = 1,
	pages = {44-63},
	title = {Comparison of Information Structures},
	url = {http://linkinghub.elsevier.com/retrieve/pii/S0899825698907060},
	urldate = {10/06/13},
	volume = 30,
	year = 2000
}

@article{Granger1980,
	annote = {The effects of aggregation in dynamic panel data models},
	author = {Granger, C.W.J.},
	booktitle = {Journal of Econometrics},
	journal = {Journal of Econometrics},
	note = {The effects of aggregation in dynamic panel data models},
	number = 2,
	pages = {227-238},
	title = {Long memory relationships and the aggregation of dynamic models},
	url = {http://www.sciencedirect.com/science/article/pii/0304407680900925},
	urldate = {26/11/13},
	volume = 14,
	year = 1980
}

@article{Gravelle2000,
	author = {Gravelle, Hugh and Masiero, Giuliano},
	booktitle = {Journal of Health Economics},
	issn = {0167-6296},
	journal = {Journal of Health Economics},
	keywords = {General practice},
	number = 6,
	pages = {1067-1088},
	title = {Quality incentives in a regulated market with imperfect information and switching costs: capitation in general practice},
	url = {http://www.sciencedirect.com/science/article/pii/S0167629600000606},
	volume = 19,
	year = 2000
}

@article{Green1978,
	author = {Green, J},
	booktitle = {Journal of Human Resources},
	journal = {Journal of Human Resources},
	number = 0,
	pages = {21-34},
	title = {Physician-induced demand for medical care},
	url = {http://www.jstor.org/stable/10.2307/145246},
	urldate = {15/04/13},
	volume = 13,
	year = 1978
}

@unpublished{Green????,
	author = {Green, CP and Paniagua, MN},
	booktitle = {iza.org},
	journal = {iza.org},
	keywords = {absenteeism,anwen zhang,aydogan ulker,d04,drinking laws,gareth leeves,ian walker,j22,jel classification,john heywood,k32,labor supply,mirko draca,seminar participants at the,steve bradley,the authors would like,to thank silke anger,university of wisconsin-milwaukee and},
	title = {Play Hard, Shirk Hard? The Effect of Bar Hours Regulation on Absence},
	url = {http://www.iza.org/conference\_files/TAM2012/green\_c3422.pdf},
	urldate = {09/09/14}
}

@article{Greif1993,
	author = {Greif, A},
	booktitle = {The American economic review},
	journal = {The American economic review},
	number = 3,
	pages = {525-548},
	title = {Contract enforceability and economic institutions in early trade: The Maghribi traders' coalition},
	url = {http://www.jstor.org/stable/10.2307/2117532},
	urldate = {15/04/13},
	volume = 83,
	year = 1993
}

@article{Greif1997,
	author = {Greif, A},
	booktitle = {Available at SSRN 1243},
	journal = {Available at SSRN 1243},
	title = {Micro theory and recent developments in the study of economic institutions through economic history},
	url = {http://papers.ssrn.com/sol3/papers.cfm?abstract\_id=1243},
	urldate = {16/04/13},
	year = 1997
}

@article{Grennan2013,
	author = {Grennan, Matthew},
	booktitle = {American Economic Review},
	issn = {0002-8282},
	journal = {American Economic Review},
	month = 2,
	number = 1,
	pages = {145-177},
	publisher = {American Economic Association},
	title = {Price Discrimination and Bargaining: Empirical Evidence from Medical Devices},
	url = {http://www.ingentaconnect.com/content/aea/aer/2013/00000103/00000001/art00005 http://pubs.aeaweb.org/doi/abs/10.1257/aer.103.1.145},
	urldate = {23/05/14},
	volume = 103,
	year = 2013
}

@article{Grol1999,
	author = {Grol, Richard and Wensing, Michel and Mainz, Jan},
	booktitle = {… practice},
	journal = {… practice},
	keywords = {accepted 7 october 1998,care research,centre for quality of,doctor,expectations,general practice care,international comparison,patient communication,patients,priorities,received 19 may 1998,universities of},
	number = 1,
	pages = {4-11},
	title = {Patients' priorities with respect to general practice care: an international comparison},
	url = {http://fampra.oxfordjournals.org/content/16/1/4.short},
	urldate = {15/04/13},
	volume = 16,
	year = 1999
}

@article{Grol2000,
	author = {Grol, R and Wensing, M and Mainz, J and Jung, H P and Ferreira, P and Hearnshaw, H and Hjortdahl, P and Olesen, F and Reis, S and Ribacke, M and Szecsenyi, J},
	booktitle = {The British journal of general practice : the journal of the Royal College of General Practitioners},
	issn = {0960-1643},
	journal = {The British journal of general practice : the journal of the Royal College of General Practitioners},
	keywords = {Culture,Delivery of Health Care,Delivery of Health Care: standards,Europe,Family Practice,Family Practice: standards,Female,Humans,International Cooperation,Male,Middle Aged,Patient Satisfaction,Practice Guidelines as Topic,Practice Guidelines as Topic: standards,Questionnaires},
	month = 11,
	number = 460,
	pages = {882-7},
	title = {Patients in Europe evaluate general practice care: an international comparison.},
	url = {http://www.pubmedcentral.nih.gov/articlerender.fcgi?artid=1313852\&tool=pmcentrez\&rendertype=abstract},
	volume = 50,
	year = 2000
}

@article{Grossman1972,
	author = {Grossman, Michael},
	booktitle = {Journal of Political Economy},
	issn = 00223808,
	journal = {Journal of Political Economy},
	number = 2,
	pages = {pp. 223-255},
	publisher = {The University of Chicago Press},
	title = {On the Concept of Health Capital and the Demand for Health},
	url = {http://www.jstor.org/stable/1830580},
	volume = 80,
	year = 1972
}

@book{Grossman1972a,
	author = {Grossman, Michael},
	publisher = {National Bureau of Economic Research, Inc},
	title = {The Demand for Health: A Theoretical and Empirical Investigation},
	url = {http://econpapers.repec.org/RePEc:nbr:nberbk:gros72-1},
	urldate = {20/08/13},
	year = 1972
}

@incollection{Grossman1972b,
	author = {Grossman, Michael},
	booktitle = {The Demand for Health: A Theoretical and Empirical Investigation},
	isbn = 0870142488,
	journal = {The Demand for Health: A Theoretical and Empirical Investigation},
	pages = {94-96},
	title = {Appendix C DERIVATION OF CONSUMPTION MODEL FORMULAS},
	url = {http://www.nber.org/chapters/c3493.pdf},
	urldate = {20/08/13},
	year = 1972
}

@incollection{Grossman1972c,
	author = {Grossman, Michael},
	booktitle = {The Demand for Health: A Theoretical and Empirical Investigation},
	isbn = 0870142488,
	journal = {The Demand for Health: A Theoretical and Empirical Investigation},
	pages = {97-101},
	title = {Appendix D STATISTICAL PROPERTIES OF THE MODEL},
	url = {http://www.nber.org/chapters/c3494.pdf},
	urldate = {20/08/13},
	volume = {I},
	year = 1972
}

@incollection{Grossman1972d,
	author = {Grossman, Michael},
	booktitle = {The Demand for Health: A Theoretical and Empirical Investigation},
	chapter = 6,
	isbn = 0870142488,
	journal = {The Demand for Health: A Theoretical and Empirical Investigation},
	pages = {74-83},
	title = {Joint Production And The Mortality Data},
	url = {http://www.nber.org/chapters/c3490.pdf},
	urldate = {20/08/13},
	volume = {I},
	year = 1972
}

@incollection{Grossman1972e,
	author = {Grossman, Michael},
	booktitle = {The Demand for Health: A Theoretical and Empirical Investigation},
	isbn = 0870142488,
	journal = {The Demand for Health: A Theoretical and Empirical Investigation},
	pages = {84-86},
	title = {Appendix A UTILITY MAXIMIZATIONS},
	url = {http://www.nber.org/chapters/c3491.pdf},
	urldate = {20/08/13},
	volume = {I},
	year = 1972
}

@incollection{Grossman1972f,
	author = {Grossman, Michael},
	booktitle = {The Demand for Health: A Theoretical and Empirical Investigation},
	chapter = 3,
	isbn = 0870142488,
	journal = {The Demand for Health: A Theoretical and Empirical Investigation},
	pages = {31-38},
	title = {The pure consumption model},
	url = {http://www.nber.org/chapters/c3487.pdf},
	urldate = {20/08/13},
	volume = {I},
	year = 1972
}

@incollection{Grossman1972g,
	author = {Grossman, Michael},
	booktitle = {The Demand for Health: A Theoretical and Empirical Investigation},
	isbn = 0870142488,
	journal = {The Demand for Health: A Theoretical and Empirical Investigation},
	pages = {110-111},
	title = {Appendix F SOURCES AND METHODS: MORTALITY ANALYSIS},
	url = {http://www.nber.org/chapters/c3496.pdf},
	urldate = {20/08/13},
	year = 1972
}

@incollection{Grossman1972h,
	author = {Grossman, Michael},
	booktitle = {The Demand for Health: A Theoretical and Empirical Investigation},
	chapter = 4,
	isbn = 0870142488,
	journal = {The Demand for Health: A Theoretical and Empirical Investigation},
	pages = {39-54},
	title = {An Empirical Formulation Of The Model},
	url = {http://www.nber.org/chapters/c3488.pdf},
	urldate = {20/08/13},
	volume = {I},
	year = 1972
}

@incollection{Grossman1972i,
	author = {Grossman, Michael},
	booktitle = {The Demand for Health: A Theoretical and Empirical Investigation},
	chapter = 2,
	isbn = 0870142488,
	journal = {The Demand for Health: A Theoretical and Empirical Investigation},
	pages = {11-30},
	title = {The Shadow Price Of Health},
	url = {http://www.nber.org/chapters/c3486.pdf},
	urldate = {20/08/13},
	volume = {I},
	year = 1972
}

@incollection{Grossman1972j,
	author = {Grossman, Michael},
	booktitle = {The Demand for Health: A Theoretical and Empirical Investigation},
	isbn = 0870142488,
	journal = {The Demand for Health: A Theoretical and Empirical Investigation},
	pages = {102-109},
	title = {Appendix E ADDITIONAL EMPIRICAL RESULTS},
	url = {http://www.nber.org/chapters/c3495.pdf},
	urldate = {20/08/13},
	volume = {I},
	year = 1972
}

@incollection{Grossman1972k,
	author = {Grossman, Michael},
	booktitle = {The Demand for Health: A Theoretical and Empirical Investigation},
	isbn = 0870142488,
	journal = {The Demand for Health: A Theoretical and Empirical Investigation},
	pages = {87-93},
	title = {Appendix B DERIVATION OF INVESTMENT MODEL FORMULAS},
	url = {http://www.nber.org/chapters/c3492.pdf},
	urldate = {20/08/13},
	year = 1972
}

@incollection{Grossman1972l,
	author = {Grossman, Michael},
	booktitle = {The Demand for Health: A Theoretical and Empirical Investigation},
	chapter = 5,
	isbn = 0870142488,
	journal = {The Demand for Health: A Theoretical and Empirical Investigation},
	pages = {55-73},
	title = {Empirical Results: The Norc Sample},
	url = {http://www.nber.org/chapters/c3489.pdf},
	urldate = {20/08/13},
	volume = {I},
	year = 1972
}

@incollection{Grossman1972m,
	author = {Grossman, Michael},
	booktitle = {The Demand for Health: A Theoretical and Empirical Investigation},
	isbn = 0870142488,
	journal = {The Demand for Health: A Theoretical and Empirical Investigation},
	pages = {84-86},
	title = {Appendix A UTILITY MAXIMIZATIONS},
	url = {http://www.nber.org/chapters/c3491.pdf},
	urldate = {20/08/13},
	volume = {I},
	year = 1972
}

@article{Grossman1977,
	author = {Grossman, Sanford J and Kihlstrom, Richard E and Mirman, Leonard J},
	number = 3,
	pages = {533-547},
	title = {Bayesian of Learning Approach By Doing to the Production Information and},
	volume = 44,
	year = 1977
}

@article{Grossman1982,
	author = {Grossman, Michael},
	booktitle = {Journal of Health Economics},
	issn = {0167-6296},
	journal = {Journal of Health Economics},
	number = 1,
	pages = {1-3},
	title = {The demand for health after a decade},
	url = {http://www.sciencedirect.com/science/article/pii/0167629682900182 http://ideas.repec.org/a/eee/jhecon/v1y1982i1p1-3.html},
	urldate = {25/03/13},
	volume = 1,
	year = 1982
}

@incollection{Grossman2000,
	author = {Grossman, Michael},
	booktitle = {Handbook of Health Economics},
	chapter = 7,
	issn = {1574-0064},
	journal = {Handbook of Health Economics},
	keywords = {I10},
	pages = {347-408},
	publisher = {Elsevier},
	series = {Handbook of Health Economics},
	title = {The human capital model},
	url = {http://www.sciencedirect.com/science/article/pii/S1574006400801663},
	volume = {1, Part A},
	year = 2000
}

@article{Grossman2003,
	author = {Grossman, Michael},
	booktitle = {Review of Economics of the Household},
	issn = {1569-5239},
	journal = {Review of Economics of the Household},
	keywords = {course at columbia university,d13,health economics,i took jacob mincer,i10,jel classification,new home economics,s two-semester labor economics},
	month = 12,
	number = 4,
	pages = {331-342},
	title = {Household Production and Health},
	url = {http://link.springer.com/10.1023/B:REHO.0000004793.86020.75},
	volume = 1,
	year = 2003
}

@article{Grossman2004,
	annote = {Contains contributions from the Grossman Symposium},
	author = {Grossman, Michael},
	booktitle = {Journal of Health Economics},
	issn = {0167-6296},
	journal = {Journal of Health Economics},
	note = {Contains contributions from the Grossman Symposium},
	number = 4,
	pages = {629-636},
	title = {The demand for health, 30 years later: a very personal retrospective and prospective reflection},
	url = {http://www.sciencedirect.com/science/article/pii/S0167629604000566},
	volume = 23,
	year = 2004
}

@article{Grytten1995,
	author = {Grytten, Jostein and Carlsen, Fredrik and Sørensen, Rune},
	booktitle = {Journal of Health Economics},
	issn = {0167-6296},
	journal = {Journal of Health Economics},
	keywords = { SID,Behaviour model},
	number = 2,
	pages = {207-229},
	title = {Supplier inducement in a public health care system},
	url = {http://www.sciencedirect.com/science/article/pii/0167629694000364},
	volume = 14,
	year = 1995
}

@article{Grytten2001,
	author = {Grytten, Jostein and Sørensen, Rune},
	booktitle = {Journal of Health Economics},
	issn = {0167-6296},
	journal = {Journal of Health Economics},
	keywords = { SID,Professional norms},
	number = 3,
	pages = {379-393},
	title = {Type of contract and supplier-induced demand for primary physicians in Norway},
	url = {http://www.sciencedirect.com/science/article/pii/S0167629600000874},
	volume = 20,
	year = 2001
}

@article{Gyldmark2001,
	author = {Gyldmark, Marlene and Morrison, Gwendolyn C},
	booktitle = {Social Science and Medicine},
	issn = {0277-9536},
	journal = {Social Science and Medicine},
	keywords = {Denmark},
	number = 8,
	pages = {1023-1036},
	title = {Demand for health care in Denmark: results of a national sample survey using contingent valuation},
	url = {http://www.sciencedirect.com/science/article/pii/S0277953600003981},
	volume = 53,
	year = 2001
}

@article{Hahm2001,
	author = {Hahm, G K and Niemann, T H and Lucas, J G and Frankel, W L},
	booktitle = {Archives of pathology \& laboratory medicine},
	issn = {0003-9985},
	journal = {Archives of pathology \& laboratory medicine},
	keywords = {Diagnostic Errors,Digestive System,Digestive System: pathology,Gastrointestinal Diseases,Gastrointestinal Diseases: diagnosis,Gastrointestinal Diseases: pathology,Humans,Liver,Liver Diseases,Liver Diseases: diagnosis,Liver Diseases: pathology,Liver: pathology,Referral and Consultation},
	month = 6,
	number = 6,
	pages = {736-9},
	title = {The value of second opinion in gastrointestinal and liver pathology.},
	url = {http://www.ncbi.nlm.nih.gov/pubmed/11371223},
	volume = 125,
	year = 2001
}

@article{Halvorsen2013,
	author = {Halvorsen, Peder Andreas and Edwards, Adrian and Aaraas, Ivar Johannes and Aasland, Olaf Gjerløw and Kristiansen, Ivar Sønbø},
	booktitle = {BMC family practice},
	issn = {1471-2296},
	journal = {BMC family practice},
	month = 1,
	pages = 41,
	title = {What professional activities do general practitioners find most meaningful? Cross sectional survey of Norwegian general practitioners.},
	url = {http://www.pubmedcentral.nih.gov/articlerender.fcgi?artid=3615944\&tool=pmcentrez\&rendertype=abstract},
	urldate = {06/04/13},
	volume = 14,
	year = 2013
}

@article{Hausman1999,
	author = {Hausman, Dan and Grand, Julian Le},
	booktitle = {Social Science \&amp; Medicine},
	issn = {0277-9536},
	journal = {Social Science \&amp; Medicine},
	keywords = {GPs},
	number = 10,
	pages = {1299-1307},
	title = {Incentives and health policy: primary and secondary care in the British National Health Service},
	url = {http://www.sciencedirect.com/science/article/pii/S027795369900204X},
	volume = 49,
	year = 1999
}

@article{Hayek1945,
	author = {Hayek, FA},
	booktitle = {The American economic review},
	journal = {The American economic review},
	number = 4,
	pages = {519-530},
	title = {The use of knowledge in society},
	url = {http://www.jstor.org/stable/10.2307/1809376},
	urldate = {22/05/13},
	volume = 35,
	year = 1945
}

@article{Heckathorn1996,
	author = {Heckathorn, DD},
	booktitle = {American Sociological Review},
	journal = {American Sociological Review},
	number = 2,
	pages = {250-277},
	title = {The dynamics and dilemmas of collective action},
	url = {http://www.jstor.org/stable/10.2307/2096334},
	urldate = {17/04/13},
	volume = 61,
	year = 1996
}

@article{Hemenway1985,
	author = {Hemenway, D and Fallon, D},
	booktitle = {Medical care},
	issn = {0025-7079},
	journal = {Medical care},
	keywords = {Angina Pectoris,Angina Pectoris: therapy,Health Services Needs and Demand,Health Services Research,Health Services Research: methods,Heart Failure,Heart Failure: therapy,Humans,Hypertension,Hypertension: therapy,Models, Theoretical,New England,Physicians,Physicians: supply \& distribution,Professional Practice,United States},
	month = 4,
	number = 4,
	pages = {344-9},
	title = {Testing for physician-induced demand with hypothetical cases.},
	url = {http://www.ncbi.nlm.nih.gov/pubmed/3990389},
	volume = 23,
	year = 1985
}

@article{Hirshleifer1971,
	author = {Hirshleifer, Jack},
	booktitle = {The American Economic Review},
	journal = {The American Economic Review},
	number = 4,
	pages = {561-574},
	title = {The Private and Social Value of Information and the Reward to Inventive Activity},
	url = {http://www.jstor.org/stable/10.2307/1811850},
	urldate = {13/05/13},
	volume = 61,
	year = 1971
}

@article{Hirshleifer1979,
	author = {Hirshleifer, Jack and Riley, JG},
	booktitle = {Journal of economic literature},
	journal = {Journal of economic literature},
	number = 4,
	pages = {1375-1421},
	title = {The analytics of uncertainty and information-an expository survey},
	url = {http://www.jstor.org/stable/10.2307/2723720},
	urldate = {01/05/13},
	volume = 17,
	year = 1979
}

@book{Hirshleifer1992,
	address = {Cambridge},
	annote = {From Duplicate 2 ( The Analytics of Uncertainty and Information - Hirshleifer, Jack; Riley, John G. )},
	author = {Hirshleifer, Jack and Riley, John G. and Bikhchandani, Sushil},
	isbn = 9781139016209,
	note = {From Duplicate 2 ( The Analytics of Uncertainty and Information - Hirshleifer, Jack; Riley, John G. )},
	publisher = {Cambridge University Press},
	title = {The Analytics of Uncertainty and Information},
	url = {/ebook.jsf?bid=CBO9781139016209},
	urldate = {18/02/14},
	year = 1992
}

@article{Hjortdahl1991,
	author = {Hjortdahl, P and Borchgrevink, CF},
	booktitle = {BMJ: British Medical Journal},
	journal = {BMJ: British Medical Journal},
	number = {November},
	pages = {1181-1184},
	title = {Continuity of care: influence of general practitioners' knowledge about their patients on use of resources in consultations.},
	url = {http://www.ncbi.nlm.nih.gov/pmc/articles/PMC1671517/},
	urldate = {15/04/13},
	volume = 303,
	year = 1991
}

@article{Hoelmstrom1979,
	author = {Hölmstrom, B},
	booktitle = {The Bell Journal of Economics},
	journal = {The Bell Journal of Economics},
	number = 1,
	pages = {74-91},
	title = {Moral hazard and observability},
	url = {http://www.jstor.org/stable/10.2307/3003320},
	urldate = {11/07/13},
	volume = 10,
	year = 1979
}

@article{Holmstrom1991,
	author = {Holmstrom, B and Milgrom, P},
	booktitle = {JL Econ. \& Org.},
	journal = {JL Econ. \& Org.},
	number = {January 1991},
	pages = {24-52},
	title = {Multitask principal-agent analyses: Incentive contracts, asset ownership, and job design},
	url = {http://heinonlinebackup.com/hol-cgi-bin/get\_pdf.cgi?handle=hein.journals/jleo7\&section=31},
	urldate = {15/04/13},
	volume = 7,
	year = 1991
}

@article{Houle2012,
	author = {Houle, Sherilyn K D and McAlister, Finlay a and Jackevicius, Cynthia a and Chuck, Anderson W and Tsuyuki, Ross T},
	booktitle = {Annals of internal medicine},
	issn = {1539-3704},
	journal = {Annals of internal medicine},
	keywords = {Clinical Trials as Topic,Great Britain,Health Care Costs,Humans,Primary Health Care,Primary Health Care: economics,Primary Health Care: standards,Quality of Health Care,Quality of Health Care: economics,Reimbursement, Incentive,Research Design,United States},
	month = 12,
	number = 12,
	pages = {889-99},
	title = {Does performance-based remuneration for individual health care practitioners affect patient care?: a systematic review.},
	url = {http://www.ncbi.nlm.nih.gov/pubmed/23247940},
	volume = 157,
	year = 2012
}

@article{Howard1966,
	author = {Howard, RA},
	booktitle = {… Science and Cybernetics, IEEE Transactions on},
	journal = {… Science and Cybernetics, IEEE Transactions on},
	number = 1,
	title = {Information value theory},
	url = {http://ieeexplore.ieee.org/xpls/abs\_all.jsp?arnumber=4082064},
	urldate = {13/03/14},
	year = 1966
}

@article{Hughes1992,
	author = {Hughes, D and Yule, B},
	booktitle = {Journal of health economics},
	issn = {0167-6296},
	journal = {Journal of health economics},
	keywords = {Fees, Medical,Fees, Medical: statistics \& numerical data,Female,Great Britain,Health Services Needs and Demand,Health Services Needs and Demand: economics,Health Services Needs and Demand: statistics \& num,Health Services Research,Humans,Maternal Health Services,Maternal Health Services: economics,Maternal Health Services: statistics \& numerical d,Models, Econometric,Multivariate Analysis,Physician's Practice Patterns,Physician's Practice Patterns: economics,Physician's Practice Patterns: statistics \& numeri,Physicians, Family,Physicians, Family: economics,Physicians, Family: statistics \& numerical data,Pregnancy,Regression Analysis,Reimbursement, Incentive,State Medicine,State Medicine: economics,State Medicine: statistics \& numerical data,Uterine Cervical Neoplasms,Uterine Cervical Neoplasms: diagnosis,Uterine Cervical Neoplasms: economics},
	month = 12,
	number = 4,
	pages = {413-37},
	title = {The effect of per-item fees on the behaviour of general practitioners.},
	url = {http://www.ncbi.nlm.nih.gov/pubmed/10124311},
	volume = 11,
	year = 1992
}

@article{Iversen2000,
	author = {Iversen, Tor and Lurås, Hilde},
	booktitle = {Journal of Economic Behavior and Organization},
	issn = {0167-2681},
	journal = {Journal of Economic Behavior and Organization},
	keywords = { SID,Service provision},
	number = 4,
	pages = {447-470},
	title = {Economic motives and professional norms: the case of general medical practice},
	url = {http://www.sciencedirect.com/science/article/pii/S016726810000130X},
	volume = 43,
	year = 2000
}

@article{Iversen2011,
	author = {Iversen, Tor and Ma, Ching-to Albert},
	booktitle = {International journal of health care finance and economics},
	issn = {1573-6962},
	journal = {International journal of health care finance and economics},
	keywords = {Capitation Fee,Decision Making,Economic Competition,Fee-for-Service Plans,Fee-for-Service Plans: economics,Female,General Practitioners,General Practitioners: economics,General Practitioners: standards,Humans,Insurance Claim Review,Male,Middle Aged,Models, Economic,Norway,Physician's Practice Patterns,Physician's Practice Patterns: economics,Radiology,Radiology: economics,Radiology: statistics \& numerical data,Referral and Consultation,Referral and Consultation: economics,Referral and Consultation: standards},
	month = 12,
	number = 4,
	pages = {245-65},
	title = {Market conditions and general practitioners' referrals.},
	url = {http://www.ncbi.nlm.nih.gov/pubmed/22009482},
	urldate = {15/04/13},
	volume = 11,
	year = 2011
}

@article{Jaegher2000,
	author = {Jaegher, Kris De and Jegers, Marc},
	booktitle = {Journal of Health Economics},
	issn = {0167-6296},
	journal = {Journal of Health Economics},
	keywords = {Welfare economics},
	number = 2,
	pages = {231-258},
	title = {A model of physician behaviour with demand inducement},
	url = {http://www.sciencedirect.com/science/article/pii/S0167629699000296},
	volume = 19,
	year = 2000
}

@article{Janvry1972,
	author = {De Janvry, A},
	booktitle = {American Journal of Agricultural Economics},
	journal = {American Journal of Agricultural Economics},
	pages = {234-237},
	title = {The Generalized Power Production Function},
	volume = 54,
	year = 1972
}

@article{Jewitt1987,
	author = {Jewitt, Ian},
	booktitle = {The Review of Economic Studies},
	issn = {0034-6527},
	journal = {The Review of Economic Studies},
	number = 1,
	pages = {73-85},
	title = {Risk aversion and the choice between risky prospects: the preservation of comparative statics results},
	url = {http://restud.oxfordjournals.org/content/54/1/73.short},
	volume = 54,
	year = 1987
}

@article{Joensson2005,
	author = {Jönsson, B and Carides, GW and Burke, TA},
	booktitle = {… of hypertension},
	journal = {… of hypertension},
	keywords = {cost effectiveness,quality-adjusted life years,stroke,survival},
	number = {Mi},
	pages = {1425-1431},
	title = {Cost effectiveness of losartan in patients with hypertension and LVH: an economic evaluation for Sweden of the LIFE trial},
	url = {http://scholar.google.com/scholar?hl=en\&btnG=Search\&q=intitle:Cost+effectiveness+of+losartan+in+patients+with+hypertension+and+LVH+:+an+economic+evaluation+for+Sweden+of+the+LIFE+trial\#0 http://scholar.google.com/scholar?hl=en\&btnG=Search\&q=intitle:Cost+effectiveness+of+losartan+in+patients+with+hypertension+and+LVH:+an+economic+evaluation+for+Sweden+of+the+LIFE+trial\#0},
	urldate = {27/11/13},
	year = 2005
}

@article{Jong2003,
	author = {de Jong, Judith D and Groenewegen, Peter P and Westert, Gert P},
	booktitle = {Social Science \& Medicine},
	issn = 02779536,
	journal = {Social Science \& Medicine},
	keywords = {general practitioner,partnership,practice style,the netherlands,variation},
	month = 10,
	number = 8,
	pages = {1515-1524},
	title = {Mutual influences of general practitioners in partnerships},
	url = {http://linkinghub.elsevier.com/retrieve/pii/S0277953602005488},
	urldate = {23/03/13},
	volume = 57,
	year = 2003
}

@article{Joseph1997,
	author = {Joseph, Lawrence and Belisle, P},
	booktitle = {Journal of the Royal Statistical Society: …},
	journal = {Journal of the Royal Statistical Society: …},
	keywords = {bayesian approach,credible interval,normal distribution,optimal design,predictive},
	number = 2,
	pages = {209-226},
	title = {Bayesian sample size determination for normal means and differences between normal means},
	url = {http://onlinelibrary.wiley.com/doi/10.1111/1467-9884.00077/abstract},
	urldate = {02/06/14},
	volume = 46,
	year = 1997
}

@article{Jr1966,
	author = {Wirick Jr, G C and Wirick, G C},
	booktitle = {Health Services Research},
	issn = {0017-9124},
	journal = {Health Services Research},
	keywords = {Community Health Services,Demand,Factor Analysis,Female,Hospitalization,Humans,Male,Statistical,United States,heatlh care},
	month = 1,
	number = 3,
	pages = 301,
	publisher = {Health Research \& Educational Trust},
	title = {A multiple equation model of demand for health care},
	url = {http://www.pubmedcentral.nih.gov/articlerender.fcgi?artid=1067346\&tool=pmcentrez\&rendertype=abstract},
	volume = 1,
	year = 1966
}

@article{Kam1988,
	author = {van der Kam, W.J. and Moorman, P.W. and Koppejan-Mulder, M.J. and Schwartz, JB B and Akin, JS S and Popkin, BM M},
	booktitle = {International Journal of Medical Informatics},
	journal = {International Journal of Medical Informatics},
	keywords = {Computer communication networks,Electronic communication,Family practice,GP,General practitioner,asia,delivery,delivery health care,developing countries,economic factors,health,health facilities,health personnel,health services,income,marketing,maternal child health services,maternal health services,midwives,philippines,policy,pregnancy,pregnancy outcomes,pricing,primary health care,reproduction,social policy,socioeconomic factors,southeastern asia},
	number = 1,
	pages = {59-70},
	title = {Effects of electronic communication in general practice},
	url = {http://wber.oxfordjournals.org/content/2/1/49.short http://www.ncbi.nlm.nih.gov/pubmed/12282273 http://www.sciencedirect.com/science/article/pii/S1386505600000964},
	urldate = {20/09/13},
	volume = 60,
	year = 1988
}

@article{Kandel1992,
	author = {Kandel, Eugene and Lazear, EP},
	booktitle = {Journal of political Economy},
	journal = {Journal of political Economy},
	number = 4,
	pages = {801-817},
	title = {Peer pressure and partnerships},
	url = {http://www.jstor.org/stable/10.2307/2138688},
	urldate = {15/04/13},
	volume = 100,
	year = 1992
}

@article{Kann2010,
	author = {Kann, Inger Cathrine and Biørn, Erik and Lurås, Hilde},
	booktitle = {Journal of health economics},
	issn = {1879-1646},
	journal = {Journal of health economics},
	keywords = {Aged,Drug Prescriptions,Drug Prescriptions: statistics \& numerical data,Economic Competition,Family Practice,Family Practice: economics,Female,Humans,Male,Norway,Pharmacies,Physician's Practice Patterns,Reimbursement Mechanisms},
	month = 9,
	number = 5,
	pages = {751-64},
	publisher = {Elsevier B.V.},
	title = {Competition in general practice: prescriptions to the elderly in a list patient system.},
	url = {http://www.ncbi.nlm.nih.gov/pubmed/20708282},
	urldate = {15/04/13},
	volume = 29,
	year = 2010
}

@article{Kar1992,
	author = {van de Kar, A and Knottnerus, A and Meertens, R and Dubois, V and Kok, G},
	booktitle = {The British Journal of General Practice},
	journal = {The British Journal of General Practice},
	number = 361,
	pages = 313,
	publisher = {Royal College of General Practitioners},
	title = {Why do patients consult the general practitioner? Determinants of their decision.},
	volume = 42,
	year = 1992
}

@article{Karlin1956,
	author = {Karlin, S and Rubin, H},
	booktitle = {The Annals of Mathematical Statistics},
	journal = {The Annals of Mathematical Statistics},
	number = 2,
	pages = {272-299},
	title = {The theory of decision procedures for distributions with monotone likelihood ratio},
	url = {http://www.jstor.org/stable/2236994},
	urldate = {18/06/14},
	volume = 27,
	year = 1956
}

@article{Katz2003,
	author = {Katz, SJ and Moyer, CA},
	booktitle = {Journal of general internal …},
	journal = {Journal of general internal …},
	keywords = {18,2003,736,744,affairs ann arbor healthcare,communication,e-mail,j gen intern med,on-line,patient-provider communication,primary care,received from the veterans,utilization},
	title = {Effect of a Triage-based E-mail System on Clinic Resource Use and Patient and Physician Satisfaction in Primary Care},
	url = {http://onlinelibrary.wiley.com/doi/10.1046/j.1525-1497.2003.20756.x/full},
	urldate = {23/04/13},
	year = 2003
}

@article{Kenkel1990,
	author = {Kenkel, Don},
	booktitle = {The Review of Economics and Statistics},
	issn = 00346535,
	journal = {The Review of Economics and Statistics},
	keywords = {SID},
	number = 4,
	pages = {pp. 587-595},
	publisher = {The MIT Press},
	title = {Consumer Health Information and the Demand for Medical Care},
	url = {http://www.jstor.org/stable/2109598},
	volume = 72,
	year = 1990
}

@article{Keppo2008,
	author = {Keppo, Jussi and Moscarini, Giuseppe and Smith, Lones},
	booktitle = {Journal of Economic Theory},
	issn = 00220531,
	journal = {Journal of Economic Theory},
	keywords = {demand curve,diffusion process,elasticity,garbling,heat equation,information,ito,martingale,non-concavity,option pricing,s lemma},
	month = 1,
	number = 1,
	pages = {21-50},
	title = {The demand for information: More heat than light},
	url = {http://linkinghub.elsevier.com/retrieve/pii/S0022053107000592},
	urldate = {07/05/13},
	volume = 138,
	year = 2008
}

@article{Kessel1958,
	author = {Kessel, RA A},
	booktitle = {JL \& Econ.},
	journal = {JL \& Econ.},
	keywords = {SID},
	pages = {19-53},
	publisher = {HeinOnline},
	title = {Price discrimination in medicine},
	url = {http://www.jstor.org/stable/10.2307/724881 http://heinonlinebackup.com/hol-cgi-bin/get\_pdf.cgi?handle=hein.journals/jlecono1\&section=4},
	urldate = {25/03/13},
	volume = 1,
	year = 1958
}

@article{Kessler1996,
	author = {Kessler, D. P. and McClellan, M. B.},
	booktitle = {The Quarterly Journal of Economics},
	issn = {0033-5533},
	journal = {The Quarterly Journal of Economics},
	month = 5,
	number = 2,
	pages = {353-390},
	publisher = {Oxford University Press},
	title = {Do Doctors Practice Defensive Medicine?},
	url = {http://qje.oxfordjournals.org/content/111/2/353.abstract},
	urldate = {23/05/14},
	volume = 111,
	year = 1996
}

@article{Kessler2000,
	author = {Kessler, D. P. and McClellan, M. B.},
	booktitle = {The Quarterly Journal of Economics},
	issn = {0033-5533},
	journal = {The Quarterly Journal of Economics},
	month = 5,
	number = 2,
	pages = {577-615},
	publisher = {Oxford University Press},
	title = {Is Hospital Competition Socially Wasteful?},
	url = {http://qje.oxfordjournals.org/content/115/2/577.abstract},
	urldate = {23/05/14},
	volume = 115,
	year = 2000
}

@article{Kiesler2006,
	author = {Kiesler, Donald J and Auerbach, Stephen M},
	booktitle = {Patient education and counseling},
	issn = {0738-3991},
	journal = {Patient education and counseling},
	keywords = {Communication,Cooperative Behavior,Decision Making,Evidence-Based Medicine,Humans,Internal-External Control,Models, Psychological,Needs Assessment,Patient Education as Topic,Patient Education as Topic: organization \& adminis,Patient Participation,Patient Participation: methods,Patient Participation: psychology,Patient Satisfaction,Physician-Patient Relations,Practice Guidelines as Topic},
	month = 6,
	number = 3,
	pages = {319-41},
	title = {Optimal matches of patient preferences for information, decision-making and interpersonal behavior: evidence, models and interventions.},
	url = {http://www.sciencedirect.com/science/article/pii/S0738399105002351},
	urldate = {26/08/14},
	volume = 61,
	year = 2006
}

@article{Kihlstrom1974,
	author = {Kihlstrom, Richard E},
	booktitle = {Journal of Economic Theory},
	issn = 00220531,
	journal = {Journal of Economic Theory},
	month = 8,
	number = 4,
	pages = {413-439},
	title = {A general theory of demand for information about product quality},
	url = {http://dx.doi.org/10.1016/0022-0531(74)90019-2 http://linkinghub.elsevier.com/retrieve/pii/0022053174900192},
	urldate = {14/05/14},
	volume = 8,
	year = 1974
}

@techreport{KirstineMagtengaardRobinson2011,
	author = {{Kirstine Magtengaard Robinson} and Lau, Cathrine Juel and Jeppesen, Maj and Vind, Ane Bonnerup and Glümer, Charlotte},
	institution = {Region Hovedstaden},
	isbn = 9788799450206,
	publisher = {Region Hovedstaden},
	school = {Region Hovedstaden},
	title = {Kroniske sygdomme},
	year = 2011
}

@article{Kjaer2005,
	author = {Kjær, Niels Kristian and Jepsen, Kristian L. and Ruwald, Steen and Jepsen, Nis P. and Nielsen, Hanne Hynding},
	booktitle = {Ugeskr Læger},
	journal = {Ugeskr Læger},
	number = {November},
	pages = {4461-4465},
	title = {E-mail-kommunikation i almen praksis},
	url = {http://www.felsted-data.dk/wp-content/uploads/Images/e-mailkomm.pdf},
	urldate = {22/04/13},
	year = 2005
}

@article{Koc2004,
	author = {Koç, Cağatay},
	booktitle = {Health economics},
	issn = {1057-9230},
	journal = {Health economics},
	keywords = {Efficiency,Health Services,Health Services Needs and Demand,Health Services Research,Health Services Research: statistics \& numerical d,Health Services: utilization,Humans,Models, Theoretical,Outcome and Process Assessment (Health Care),Outcome and Process Assessment (Health Care): stat},
	month = 8,
	number = 8,
	pages = {739-47},
	title = {The productivity of health care and health production functions.},
	url = {http://www.ncbi.nlm.nih.gov/pubmed/15322987},
	urldate = {28/01/14},
	volume = 13,
	year = 2004
}

@article{Korff1992,
	author = {Michael Von Korff, Edward H. Wagner, Kathleen Saunders},
	booktitle = {Journal of Clinical Epidemiology},
	journal = {Journal of Clinical Epidemiology},
	number = 2,
	pages = {197-203},
	title = {A chronic disease score from automated pharmacy data},
	url = {http://www.sciencedirect.com/science/article/pii/089543569290016G},
	urldate = {06/11/13},
	volume = 45,
	year = 1992
}

@article{Krasnik1990,
	author = {Krasnik, Allan and Groenewegen, PP},
	booktitle = {BMJ: British Medical …},
	journal = {BMJ: British Medical …},
	number = {June},
	pages = {1698-1701},
	title = {Changing remuneration systems : effects activity in general practice},
	url = {http://www.ncbi.nlm.nih.gov/pmc/articles/PMC1663335/},
	urldate = {25/03/13},
	volume = 300,
	year = 1990
}

@article{Krasnik1991,
	author = {Krasnik, Allan and Scholten, P V and Damsgaard, M T},
	booktitle = {Scandinavian Journal of Primary Health Care},
	journal = {Scandinavian Journal of Primary Health Care},
	keywords = { SID, Supply, supplier-induced demand,remuneration system},
	number = 2,
	pages = {83-87},
	publisher = {Informa UK Ltd UK},
	title = {General practitioners' attitudes to a recent change in their remuneration system},
	volume = 9,
	year = 1991
}

@article{Kyle2012,
	author = {Kyle, Margaret K. and McGahan, Anita M.},
	booktitle = {Review of Economics and Statistics},
	issn = {0034-6535},
	journal = {Review of Economics and Statistics},
	month = 11,
	number = 4,
	pages = {1157-1172},
	publisher = {The MIT Press},
	title = {Investments in Pharmaceuticals Before and After TRIPS},
	url = {http://www.mitpressjournals.org/doi/abs/10.1162/REST\_a\_00214\#.U380ZvmSzSY http://www.mitpressjournals.org/doi/abs/10.1162/REST\_a\_00214},
	urldate = {23/05/14},
	volume = 94,
	year = 2012
}

@article{L2008,
	author = {L, Pierre Thomas},
	isbn = 9783527320271,
	pages = {149-176},
	title = {Physician Payment Mechanisms},
	year = 2008
}

@article{Labelle1994,
	author = {Labelle, Roberta and Stoddart, Greg and Rice, Thomas},
	booktitle = {Journal of Health Economics},
	issn = {0167-6296},
	journal = {Journal of Health Economics},
	keywords = {Decision Making,Econometric,Health Services Misuse,Health Services Needs and Demand,Health Services Needs and Demand: economics,Health Services Needs and Demand: statistics \& num,Health Services Research,Health Services Research: methods,Inducement,Models,Organizational,Outcome Assessment (Health Care),Outcome Assessment (Health Care): statistics \& num,Physician's Role,Policy Making,SID,United States,Utilization Review,Utilization Review: statistics \& numerical data},
	month = 10,
	number = 3,
	pages = {347-368},
	title = {A re-examination of the meaning and importance of supplier-induced demand},
	url = {http://www.sciencedirect.com/science/article/pii/0167629694900361 http://www.ncbi.nlm.nih.gov/pubmed/10140535},
	volume = 13,
	year = 1994
}

@article{Lancaster1966,
	author = {Lancaster, KJ},
	booktitle = {The journal of political economy},
	journal = {The journal of political economy},
	number = 2,
	pages = {132-157},
	title = {A new approach to consumer theory},
	url = {http://www.jstor.org/stable/10.2307/1828835},
	urldate = {01/05/13},
	volume = 74,
	year = 1966
}

@article{Lawrenson1999,
	author = {Lawrenson, R and Williams, T and Farmer, R},
	booktitle = {Journal of public health medicine},
	issn = {0957-4832},
	journal = {Journal of public health medicine},
	keywords = {Bias (Epidemiology),Confounding Factors (Epidemiology),Cross-Sectional Studies,Databases, Factual,Family Practice,Health Services Research,Humans,Longitudinal Studies,Medical Audit,Outcome Assessment (Health Care),Pharmacoepidemiology,Population Surveillance,Reproducibility of Results,Research},
	month = 9,
	number = 3,
	pages = {299-304},
	title = {Clinical information for research; the use of general practice databases.},
	url = {http://www.ncbi.nlm.nih.gov/pubmed/10528957},
	volume = 21,
	year = 1999
}

@article{Lehmann1955,
	author = {Lehmann, EL},
	booktitle = {The Annals of Mathematical Statistics},
	journal = {The Annals of Mathematical Statistics},
	number = 3,
	pages = {399-419},
	title = {Ordered families of distributions},
	url = {http://www.jstor.org/stable/2236469},
	urldate = {26/06/14},
	volume = 26,
	year = 1955
}

@book{Lehmann1988,
	author = {Lehmann, EL},
	number = 2,
	pages = {521-533},
	title = {Comparing location experiments},
	url = {http://link.springer.com/chapter/10.1007/978-1-4614-1412-4\_61},
	urldate = {10/06/14},
	volume = 16,
	year = 1988
}

@book{Lehmann2012,
	author = {Lehmann, EL and Romano, Joseph P.},
	booktitle = {Book},
	isbn = 0387988645,
	journal = {Book},
	pages = {3-8},
	title = {Testing Statistical Hypotheses},
	url = {http://www.worldcat.org/isbn/0387988645},
	year = 2012
}

@article{Lehnhardt2008,
	author = {Lehnhardt, Marcus and Daigeler, Adrien and Hauser, Joerg and Puls, Alexander and Soimaru, Christian and Kuhnen, Cornelius and Steinau, Hans Ulrich},
	booktitle = {Journal of surgical oncology},
	issn = {0022-4790},
	journal = {Journal of surgical oncology},
	keywords = {Adolescent,Adult,Aged,Aged, 80 and over,Child,Child, Preschool,Expert Testimony,Female,Humans,Infant,Male,Middle Aged,Referral and Consultation,Retrospective Studies,Sarcoma,Sarcoma: diagnosis,Sarcoma: pathology},
	month = 1,
	number = 1,
	pages = {40-3},
	title = {The value of expert second opinion in diagnosis of soft tissue sarcomas.},
	url = {http://www.ncbi.nlm.nih.gov/pubmed/17918224},
	urldate = {18/02/14},
	volume = 97,
	year = 2008
}

@article{Liederman2003,
	author = {Liederman, Eric M and Morefield, CS},
	booktitle = {Journal of the American …},
	journal = {Journal of the American …},
	pages = {260-271},
	title = {Web messaging: a new tool for patient-physician communication},
	url = {http://jamia.bmjjournals.com/content/10/3/260.short},
	urldate = {22/04/13},
	year = 2003
}

@article{Liederman2005,
	author = {Liederman, Eric M and Lee, Jerry C and Baquero, Victor H and Seites, Paul G},
	booktitle = {Journal of healthcare information management : JHIM},
	issn = {1099-811X},
	journal = {Journal of healthcare information management : JHIM},
	keywords = {Efficiency,Internet,Internet: utilization,Physician-Patient Relations,Telemedicine,United States},
	month = 1,
	number = 2,
	pages = {81-6},
	title = {The impact of patient-physician Web messaging on provider productivity.},
	url = {http://www.ncbi.nlm.nih.gov/pubmed/15869217},
	volume = 19,
	year = 2005
}

@article{Lin2000,
	author = {Lin, CT and Albertson, Gail and Price, David},
	booktitle = {… J Manag Care},
	journal = {… J Manag Care},
	number = 6,
	pages = {669-678},
	title = {Patient desire and reasons for specialist referral in a gatekeeper-model managed care plan},
	url = {http://www.researchgate.net/publication/12345726\_Patient\_desire\_and\_reasons\_for\_specialist\_referral\_in\_a\_gatekeeper-model\_managed\_care\_plan/file/79e4150763803873fd.pdf},
	urldate = {15/04/13},
	volume = 6,
	year = 2000
}

@article{Lindley1997,
	author = {Lindley, Dennis V.},
	booktitle = {Journal of the Royal Statistical Society: Series D (The Statistician)},
	issn = {0039-0526},
	journal = {Journal of the Royal Statistical Society: Series D (The Statistician)},
	month = 7,
	number = 2,
	pages = {129-138},
	title = {The choice of sample size},
	url = {http://doi.wiley.com/10.1111/1467-9884.00068},
	urldate = {30/05/14},
	volume = 46,
	year = 1997
}

@article{Load2010,
	author = {Load, Loading},
	number = 1990,
	title = {Reference sheet for natbib usage},
	year = 2010
}

@article{Lozzi2007,
	author = {Lozzi, G P and Soyer, H P and Massone, C and Micantonio, T and Kraenke, B and Fargnoli, M C and Fink-Puches, R and Binder, B and Di Stefani, A and Hofmann-Wellenhof, R and Peris, K},
	booktitle = {Journal of the European Academy of Dermatology and Venereology : JEADV},
	issn = {0926-9959},
	journal = {Journal of the European Academy of Dermatology and Venereology : JEADV},
	keywords = {Benchmarking,Dermatology,Dermatology: standards,Humans,Referral and Consultation,Remote Consultation,Skin Neoplasms,Skin Neoplasms: therapy},
	month = 1,
	number = 1,
	pages = {30-4},
	title = {The additive value of second opinion teleconsulting in the management of patients with challenging inflammatory, neoplastic skin diseases: a best practice model in dermatology?},
	url = {http://www.ncbi.nlm.nih.gov/pubmed/17207164},
	urldate = {26/05/13},
	volume = 21,
	year = 2007
}

@article{Ma1997,
	author = {Ma, CTA and McGuire, Thomas G},
	booktitle = {The American Economic Review},
	journal = {The American Economic Review},
	number = 4,
	pages = {685-704},
	title = {Optimal health insurance and provider payment},
	url = {http://www.jstor.org/stable/2951369},
	urldate = {23/05/14},
	volume = 87,
	year = 1997
}

@article{Ma2002,
	author = {Albert Ma, Ching-To and Riordan, Michael H.},
	booktitle = {Journal of Economics \& Management Strategy},
	issn = {1058-6407},
	journal = {Journal of Economics \& Management Strategy},
	month = 3,
	number = 1,
	pages = {81-107},
	title = {Health Insurance, Moral Hazard, and Managed Care},
	url = {http://doi.wiley.com/10.1111/j.1430-9134.2002.00081.x},
	urldate = {26/03/14},
	volume = 11,
	year = 2002
}

@book{Mailath2006,
	author = {Mailath, GJ and Samuelson, L},
	booktitle = {OUP Catalogue},
	isbn = 9780195300796,
	journal = {OUP Catalogue},
	publisher = {Oxford University Press},
	title = {Repeated games and reputations: long-run relationships},
	url = {http://ideas.repec.org/b/oxp/obooks/9780195300796.html},
	urldate = {16/07/13},
	year = 2006
}

@article{Manning2001,
	author = {Manning, W G and Marquis, M S},
	booktitle = {Journal of health economics},
	issn = {0167-6296},
	journal = {Journal of health economics},
	keywords = {Cost Sharing,Fees and Charges,Health Expenditures,Health Expenditures: statistics \& numerical data,Health Services Needs and Demand,Health Services Needs and Demand: economics,Health Services Research,Health Services Research: methods,Humans,Insurance Pools,Insurance Pools: economics,Medically Uninsured,Risk},
	month = 3,
	number = 2,
	pages = {289-93},
	title = {Health insurance: tradeoffs revisited.},
	url = {http://www.ncbi.nlm.nih.gov/pubmed/11252376},
	volume = 20,
	year = 2001
}

@article{Marschak1968,
	author = {Marschak, Jacob and Miyasawa, Koichi},
	booktitle = {International Economic Review},
	journal = {International Economic Review},
	number = 2,
	pages = {137-174},
	title = {Economic comparability of information systems},
	url = {http://www.jstor.org/stable/2525472},
	urldate = {03/03/14},
	volume = 9,
	year = 1968
}

@article{Martimort1996,
	author = {Martimort, David},
	booktitle = {The RAND Journal of Economics},
	issn = 07416261,
	journal = {The RAND Journal of Economics},
	keywords = {Commen Agency},
	number = 1,
	pages = {pp. 1-31},
	publisher = {Wiley-Blackwell on behalf of The RAND Corporation},
	title = {Exclusive Dealing, Common Agency, and Multiprincipals Incentive Theory},
	url = {http://www.jstor.org/stable/2555790},
	volume = 27,
	year = 1996
}

@article{Mcgeady2008,
	author = {McGeady, David and Kujala, Jaakko and Ilvonen, Karita},
	booktitle = {International journal of medical informatics},
	issn = {1386-5056},
	journal = {International journal of medical informatics},
	keywords = {Delivery of Health Care,Electronic Mail,Finland,Humans,Internet,Physician-Patient Relations},
	month = 1,
	number = 1,
	pages = {17-23},
	title = {The impact of patient-physician web messaging on healthcare service provision.},
	url = {http://www.ncbi.nlm.nih.gov/pubmed/17188564},
	urldate = {15/04/13},
	volume = 77,
	year = 2008
}

@article{Mcguire1959,
	author = {McGuire, CB},
	title = {Comparisons of information structures},
	url = {http://ideas.repec.org/p/cwl/cwldpp/71.html},
	urldate = {10/06/13},
	year = 1959
}

@article{Mcguire1991,
	author = {McGuire, Thomas G and Pauly, Mark V},
	booktitle = {Journal of Health Economics},
	issn = 01676296,
	journal = {Journal of Health Economics},
	month = 1,
	number = 4,
	pages = {385-410},
	title = {Physician response to fee changes with multiple payers},
	url = {http://www.sciencedirect.com/science/article/pii/016762969190022F},
	urldate = {23/05/14},
	volume = 10,
	year = 1991
}

@incollection{Mcguire2000,
	author = {McGuire, Thomas G},
	booktitle = {Handbook of Health Economics},
	chapter = 9,
	issn = {1574-0064},
	journal = {Handbook of Health Economics},
	keywords = {agency,monopolistic competition,quantity-setting},
	pages = {461-536},
	publisher = {Elsevier},
	title = {Physician agency},
	url = {http://www.sciencedirect.com/science/article/pii/S1574006400801687},
	volume = {1, Part A},
	year = 2000
}

@incollection{Mcguire2008,
	author = {McGuire, TG},
	booktitle = {Incentives and choice in health care},
	chapter = 10,
	journal = {Incentives and choice in health care},
	pages = {280-305},
	title = {Physician Fees and Behavior: Implications for Structuring a Fee Schedule},
	url = {http://books.google.com/books?hl=en\&lr=\&id=pCk3AgAAQBAJ\&oi=fnd\&pg=PA263\&dq=physician+fees+and+behavior:+implication+for+structuring+a+fee+schedule\&ots=xlYGh-wap2\&sig=rIWW1wEmmdwvGVNciQTtnYIIXz4 http://books.google.com/books?hl=en\&lr=\&id=pCk3AgAAQBAJ\&oi=fnd\&pg=PA263\&dq=physician+fees+and+behavior:+implication+for+structuring+a+fee+schedule\&ots=xlYGh-waq0\&sig=Dw3YjY3XpXZ5Um3udVCIXTcuBMU},
	urldate = {13/08/14},
	year = 2008
}

@article{Medaglia2010,
	author = {Medaglia, Rony and Andersen, KN},
	booktitle = {Information Systems},
	journal = {Information Systems},
	number = 1,
	title = {Information Systems and Healthcare XXXVIII: Virus Outbreak - Online GP Consultations Escalating Healthcare Costs},
	url = {http://citeseerx.ist.psu.edu/viewdoc/download?doi=10.1.1.186.8936\&rep=rep1\&type=pdf},
	urldate = {22/04/13},
	volume = 27,
	year = 2010
}

@article{Meyer2013,
	author = {Meyer, Margaret and Strulovici, Bruno},
	keywords = {concordance,copula,correlation,d63,d81,g11,g22,interdependence,jel codes,jorization,ma-,mixture,supermodular,tournament},
	number = 1151410,
	pages = {1-52},
	title = {The supermodular stochastic ordering},
	url = {http://www.econstor.eu/handle/10419/97250},
	urldate = {24/06/14},
	year = 2013
}

@article{Milgrom1981,
	author = {Milgrom, P},
	booktitle = {The Bell Journal of Economics},
	journal = {The Bell Journal of Economics},
	number = 2,
	pages = {380-391},
	title = {Good news and bad news: Representation theorems and applications},
	url = {http://www.jstor.org/stable/3003562},
	urldate = {18/06/14},
	volume = 12,
	year = 1981
}

@article{Milgrom1982,
	author = {Milgrom, P and Weber, RJ},
	booktitle = {Econometrica: Journal of the Econometric Society},
	journal = {Econometrica: Journal of the Econometric Society},
	number = 5,
	pages = {1089-1122},
	title = {A theory of auctions and competitive bidding},
	url = {http://www.jstor.org/stable/1911865},
	urldate = {18/06/14},
	volume = 50,
	year = 1982
}

@article{Milgrom1994,
	author = {Milgrom, P and Shannon, CE},
	booktitle = {Econometrica: Journal of the Econometric Society},
	journal = {Econometrica: Journal of the Econometric Society},
	keywords = {comparative,quasisupermodular,single crossing condition,statics,strategic complements,supermodular},
	number = 1,
	pages = {157-180},
	title = {Monotone comparative statics},
	url = {http://www.jstor.org/stable/2951479},
	urldate = {10/06/14},
	volume = 62,
	year = 1994
}

@article{Miller2011,
	author = {Miller, Amalia R. and Tucker, Catherine E.},
	booktitle = {The Journal of Political Economy},
	issn = 00223808,
	journal = {The Journal of Political Economy},
	month = 4,
	number = 2,
	pages = {289-324},
	publisher = {University of Chicago PressChicago, IL},
	title = {Can Health Care Information Technology Save Babies?},
	url = {http://www.jstor.org/stable/10.1086/660083},
	urldate = {23/05/14},
	volume = 119,
	year = 2011
}

@book{Moeschberger1972,
	author = {Moeschberger, M. L. and Ash, Robert B.},
	booktitle = {Technometrics},
	isbn = 9780486466286,
	issn = 00401706,
	journal = {Technometrics},
	month = 11,
	number = 4,
	pages = 983,
	title = {Basic Probability Theory},
	url = {http://www.jstor.org/stable/1267154?origin=crossref},
	volume = 14,
	year = 1972
}

@article{Molander1992,
	author = {Molander, P.},
	booktitle = {Journal of Conflict Resolution},
	issn = {0022-0027},
	journal = {Journal of Conflict Resolution},
	month = 12,
	number = 4,
	pages = {756-771},
	title = {The Prevalence of Free Riding},
	url = {http://jcr.sagepub.com/content/36/4/756.short},
	urldate = {19/04/13},
	volume = 36,
	year = 1992
}

@article{Molzon2011,
	author = {Molzon, Robert},
	keywords = {and phrases,entropy,information,marginal value,standard experiment},
	pages = {1-9},
	title = {MARGINAL VALUE OF INFORMATION},
	url = {http://www.ms.uky.edu/{	extasciitilde}molzon/slides/value\_of\_information.pdf},
	urldate = {11/04/14},
	year = 2011
}

@article{Morrell1972,
	author = {Morrell, D C},
	booktitle = {The Journal of the Royal College of General Practitioners},
	issn = {0035-8797},
	journal = {The Journal of the Royal College of General Practitioners},
	keywords = {Adolescent,Adult,Age Factors,Aged,Child,Child, Preschool,Diagnosis,Family Practice,Female,Gastrointestinal Diseases,Gastrointestinal Diseases: diagnosis,Humans,Infant,Male,Middle Aged,Sex Factors},
	month = 5,
	number = 118,
	pages = {297-309},
	title = {Symptom interpretation in general practice.},
	url = {http://www.pubmedcentral.nih.gov/articlerender.fcgi?artid=2156732\&tool=pmcentrez\&rendertype=abstract},
	urldate = {24/05/13},
	volume = 22,
	year = 1972
}

@article{Morris1998,
	author = {Morris, Stephen and Shin, Hyun Song},
	booktitle = {American Economic Review},
	isbn = 00028282,
	issn = 00028282,
	journal = {American Economic Review},
	pages = {587-597},
	title = {Unique Equilibrium in a Model of Self-Fulfilling Currency Attacks},
	volume = 88,
	year = 1998
}

@book{Morris2007,
	author = {Morris, Stephen and Devlin, Nancy and Parkin, David},
	isbn = {047001685X},
	pages = 416,
	publisher = {John Wiley \& Sons},
	title = {Economic Analysis in Health Care},
	url = {http://www.google.dk/books?hl=en\&lr=\&id=--mN2RirIKEC\&pgis=1},
	urldate = {01/05/14},
	year = 2007
}

@incollection{Morris2008,
	address = {Basingstoke},
	author = {Morris, Stephen},
	booktitle = {The New Palgrave Dictionary of Economics},
	isbn = {978-0-333-78676-5},
	journal = {The New Palgrave Dictionary of Economics},
	keywords = {comparative statics,complete information games,currency crises,equilibrium,global games,incomplete information games,limit,limit dominance,multiple equilibria,noise,noise independent selection,regime change,selection,uniqueness},
	month = 2,
	publisher = {Nature Publishing Group},
	title = {Global Games},
	url = {http://books.google.com/books?hl=en\&lr=\&id=aakY96H1\_GgC\&oi=fnd\&pg=PR7\&dq=global+games\&ots=1eP7IhcZed\&sig=BRjyaFLt9nykIUI1yOWtp2pnyBM http://www.dictionaryofeconomics.com/article?id=pde2008 http://books.google.com/books?hl=en\&lr=\&id=aakY96H1\_GgC\&oi=fnd\&pg=PR7\&dq=Global+Games\&ots=1eP7Ihc-di\&sig=FdWuc9G9nAurkdb4v14X9G4LC5Y},
	urldate = {16/09/14},
	year = 2008
}

@article{Moscarini2002,
	author = {Moscarini, Giuseppe and Smith, Lones},
	booktitle = {Econometrica},
	journal = {Econometrica},
	keywords = {bayesian decision theory,comparison of experiments,demand for information,large deviation theory,logarithmic demand,value of information},
	number = 6,
	pages = {2351-2366},
	title = {The law of large demand for information},
	url = {http://onlinelibrary.wiley.com/doi/10.1111/j.1468-0262.2002.00442.x/abstract},
	urldate = {04/06/13},
	volume = 70,
	year = 2002
}

@article{Moulton1990,
	author = {Moulton, BR},
	booktitle = {The Review of Economics and Statistics},
	journal = {The Review of Economics and Statistics},
	number = 2,
	pages = {334-338},
	title = {An Illustration of a Pitfall in Estimating the Effects of Aggregate Variables on Micro Units},
	url = {http://www.jstor.org/stable/10.2307/2109724},
	urldate = {21/10/13},
	volume = 72,
	year = 1990
}

@book{Muennig2007,
	author = {Muennig, P},
	isbn = 9780787995560,
	publisher = {Jossy-Bass},
	title = {Cost-effectiveness analysis in health: a practical approach},
	url = {http://books.google.com/books?hl=en\&lr=\&id=nTH6Fi33QgkC\&oi=fnd\&pg=PR5\&dq=Cost-+effectiveness+analyses+in+health+-+A+practical+approach\&ots=fpmzvGJgJz\&sig=VZ4iqUZYqAoyH39MjpH4-9cQVfU},
	urldate = {09/04/14},
	year = 2007
}

@article{Mullen2010,
	author = {Mullen, Kathleen J. and Frank, Richard G. and Rosenthal, Meredith B.},
	booktitle = {The RAND Journal of Economics},
	issn = 07416261,
	journal = {The RAND Journal of Economics},
	month = 3,
	number = 1,
	pages = {64-91},
	title = {Can you get what you pay for? Pay-for-performance and the quality of healthcare providers},
	url = {http://doi.wiley.com/10.1111/j.1756-2171.2009.00090.x},
	urldate = {23/05/14},
	volume = 41,
	year = 2010
}

@article{Mulley2009,
	author = {Mulley, Albert G},
	booktitle = {BMJ},
	journal = {BMJ},
	keywords = {SID},
	pages = {1-7},
	title = {Inconvenient truths about supplier induced demand and unwarranted variation in medical practice},
	volume = 339,
	year = 2009
}

@article{Mundra2010,
	author = {Mundra, Kusum and Russell, RR},
	keywords = {direct and dual,elasticities of substitution,non-homogeneity,nonpara-},
	title = {Revisiting Elasticities of Substitution},
	year = 2010
}

@article{Mwabu2007,
	author = {Mwabu, Germano},
	booktitle = {Handbook of Development Economics},
	journal = {Handbook of Development Economics},
	number = 07,
	title = {Health economics for low-income countries},
	url = {http://www.sciencedirect.com/science/article/pii/S1573447107040533},
	urldate = {16/09/13},
	volume = 4,
	year = 2007
}

@article{Myerson1979,
	author = {Myerson, RB},
	booktitle = {Econometrica: journal of the Econometric Society},
	journal = {Econometrica: journal of the Econometric Society},
	number = 1,
	pages = {61-73},
	title = {Incentive compatibility and the bargaining problem},
	url = {http://www.jstor.org/stable/10.2307/1912346},
	urldate = {16/04/13},
	volume = 47,
	year = 1979
}

@article{Nadiminti1996,
	author = {Nadiminti, Raja and Mukhopadhyay, Tridas and Kriebel, Charles H.},
	booktitle = {Decision Support Systems},
	issn = 01679236,
	journal = {Decision Support Systems},
	keywords = {Costless information,Costly information,Information economics,Risk aversion,Value of information},
	month = 3,
	number = 3,
	pages = {241-254},
	title = {Risk aversion and the value of information},
	url = {http://www.sciencedirect.com/science/article/pii/0167923695000232},
	urldate = {01/07/14},
	volume = 16,
	year = 1996
}

@article{Nash1953,
	author = {Nash, J},
	booktitle = {Econometrica: Journal of the Econometric Society},
	journal = {Econometrica: Journal of the Econometric Society},
	number = 1,
	pages = {128-140},
	title = {Two-person cooperative games},
	url = {http://www.jstor.org/stable/10.2307/1906951},
	urldate = {17/04/13},
	volume = 21,
	year = 1953
}

@article{Newhouse1970,
	annote = {From Duplicate 2 ( A Model of Physician Pricing - Newhouse, Joseph P JP ) From Duplicate 2 ( A model of physician pricing - Newhouse, Joseph P JP )},
	author = {Newhouse, JP},
	booktitle = {Southern Economic Journal},
	issn = 00384038,
	journal = {Southern Economic Journal},
	keywords = {*economics,*medical,*medicine,analysis,and,attitudespsychology,classification,competition,cost,costs,economics,effectiveness,engineering,mathematical,medical,medicine,models,monopolies,personnel,prices,psychology,research,value},
	note = {From Duplicate 2 ( A Model of Physician Pricing - Newhouse, Joseph P JP ) From Duplicate 2 ( A model of physician pricing - Newhouse, Joseph P JP )},
	number = 2,
	pages = {174-184},
	title = {A model of physician pricing},
	url = {http://www.jstor.org/stable/10.2307/1056127 http://dx.doi.org/10.2307/1056127},
	urldate = {26/03/13},
	volume = 37,
	year = 1970
}

@techreport{Newhouse1974,
	address = {Santa Monica, CA},
	author = {Newhouse, JP and Phelps, CE},
	institution = {RAND Corporation},
	number = {June},
	publisher = {Rand},
	school = {RAND Corporation},
	title = {PRICE AND INCOME ELASTICITIES FOR MEDICAL CARE SERVICES},
	url = {http://www.rand.org/content/dam/rand/pubs/reports/2008/R1197.pdf},
	urldate = {05/08/13},
	year = 1974
}

@incollection{Newhouse1976,
	author = {Newhouse, JP and Phelps, CE},
	booktitle = {The Role of Health Insurance in the Health Services Sector},
	isbn = 0870142720,
	journal = {The Role of Health Insurance in the Health Services Sector},
	pages = {261-320},
	title = {New Estimates of Price and Income Elasticities of Medical Care Services},
	url = {http://www.nber.org/chapters/c3821.pdf},
	urldate = {05/08/13},
	volume = {I},
	year = 1976
}

@article{Newton1996,
	author = {Newton, J and Eccles, M and Soutter, J},
	booktitle = {Journal of management in medicine},
	issn = {0268-9235},
	journal = {Journal of management in medicine},
	keywords = {Conflict (Psychology),Decision Making, Organizational,Family Practice,Family Practice: economics,Family Practice: organization \& administration,Great Britain,Health Services Research,Interprofessional Relations,Partnership Practice,Professional Autonomy},
	month = 1,
	number = 2,
	pages = {62-71},
	title = {General practice partnerships: an exploratory review.},
	url = {http://www.ncbi.nlm.nih.gov/pubmed/10162760},
	volume = 10,
	year = 1996
}

@article{Nielsen2013,
	author = {Nielsen, TH},
	keywords = {1353 copenhagen,building 26,denmark,department of economic,hospital records,mortality,self-rated health,university of copenhagen,øster farimagsgade 5},
	pages = {0-31},
	title = {The Relationship between Self-rated Health and Hospital Records},
	url = {http://www.eale.nl/Conference2013/program/Parallel session D/D05\_Nielsen\_revised.pdf},
	urldate = {10/09/13},
	year = 2013
}

@article{Nikiforakis2008,
	author = {Nikiforakis, Nikos},
	booktitle = {Journal of Public Economics},
	issn = 00472727,
	journal = {Journal of Public Economics},
	keywords = {c92,d70,h41},
	month = 2,
	number = {1-2},
	pages = {91-112},
	title = {Punishment and counter-punishment in public good games: Can we really govern ourselves?},
	url = {http://dx.doi.org/10.1016/j.jpubeco.2007.04.008},
	urldate = {23/03/13},
	volume = 92,
	year = 2008
}

@article{Nocetti2010,
	author = {Nocetti, Diego and Smith, William T},
	booktitle = {The B.E. Journal of Economic Analysis \& Policy},
	issn = {1935-1682},
	journal = {The B.E. Journal of Economic Analysis \& Policy},
	keywords = {315-268-3870,5790,b university of memphis,clarkson,clarkson university,corresponding author,demand for health care,diego nocetti,dnocetti,e-mail,edu,health uncertainty,intertemporal substitution,multivariate risk aversion,ny,po box,potsdam,precautionary,preventive care,saving,tel},
	month = 1,
	number = 1,
	pages = {1-23},
	title = {Uncertainty, the Demand for Health Care, and Precautionary Saving},
	url = {http://www.degruyter.com/view/j/bejeap.2010.10.1/bejeap.2010.10.1.2626/bejeap.2010.10.1.2626.xml},
	volume = 10,
	year = 2010
}

@article{Nyman2008,
	annote = {10.1007/s10198-007-0084-z},
	author = {Nyman, John},
	booktitle = {The European Journal of Health Economics},
	issn = {1618-7598},
	journal = {The European Journal of Health Economics},
	keywords = {moral hazard},
	note = {10.1007/s10198-007-0084-z},
	number = 4,
	pages = {369-380},
	publisher = {Springer Berlin / Heidelberg},
	title = {Health insurance theory: the case of the missing welfare gain},
	url = {http://dx.doi.org/10.1007/s10198-007-0084-z},
	volume = 9,
	year = 2008
}

@article{Okunade1999,
	author = {Okunade, AA},
	booktitle = {Health economics},
	journal = {Health economics},
	keywords = {allen,conditional factor demands and,ishima elasticities,mor-,norwegian dentistry costs,pairwise input substitutions,policy,shadow elasticities,uzawa partial elasticities},
	number = 6,
	pages = {221-232},
	title = {Will the real elasticity of substitution 'in Norwegian dentistry'please stand up?},
	url = {http://onlinelibrary.wiley.com/doi/10.1002/(SICI)1099-1050(199905)8:3{	extless}221::AID-HEC408{	extgreater}3.0.CO;2-Y/full},
	urldate = {30/01/14},
	volume = 232,
	year = 1999
}

@article{Oliver1980,
	author = {Oliver, Pamela},
	booktitle = {American journal of sociology},
	journal = {American journal of sociology},
	number = 6,
	pages = {1356-1375},
	title = {Rewards and punishments as selective incentives for collective action: theoretical investigations},
	url = {http://www.jstor.org/stable/10.2307/2778382},
	urldate = {16/04/13},
	volume = 85,
	year = 1980
}

@article{Olsen2012,
	author = {Olsen, KR},
	booktitle = {Health economics},
	journal = {Health economics},
	keywords = {general practice,list size,renumeration schemes},
	number = {April 2011},
	pages = {619-632},
	title = {Patient complexity and GPS'income under mixed remuneration},
	url = {http://onlinelibrary.wiley.com/doi/10.1002/hec.1731/full},
	urldate = {15/04/13},
	volume = 632,
	year = 2012
}

@book{Osborne1994,
	author = {Osborne, MJ and Rubinstein, Ariel},
	isbn = 0262650401,
	title = {A course in game theory},
	url = {http://books.google.com/books?hl=en\&lr=\&id=5ntdaYX4LPkC\&oi=fnd\&pg=PR11\&dq=A+Course+in+Game+Theory\&ots=kBHNhh5tAy\&sig=pMx6ttGRGofkBVzaGoUhri\_HVlU http://books.google.com/books?hl=en\&lr=\&id=5ntdaYX4LPkC\&oi=fnd\&pg=PR11\&dq=A+course+in+game+theory\&ots=kBHNhh5uvC\&sig=3UxMs0Ha0vOMTkd5-wQJ8Ork8tQ},
	urldate = {13/01/14},
	year = 1994
}

@article{Ostrom1992,
	author = {Ostrom, Elinor and Walker, James and Gardner, R},
	booktitle = {The American Political Science Review},
	journal = {The American Political Science Review},
	number = 2,
	pages = {404-417},
	title = {Covenants with and without a sword: Self-governance is possible},
	url = {http://www.jstor.org/stable/10.2307/1964229},
	urldate = {19/04/13},
	volume = 86,
	year = 1992
}

@article{Pauly1968,
	author = {Pauly, Mark V},
	booktitle = {The American Economic Review},
	journal = {The American Economic Review},
	number = 3,
	pages = {531-537},
	title = {The economics of moral hazard: comment},
	url = {http://www.jstor.org/stable/10.2307/1813785},
	urldate = {12/06/13},
	volume = 58,
	year = 1968
}

@article{Pauly1981,
	author = {Pauly, Mark V and Satterthwaite, MA A},
	booktitle = {The Bell Journal of Economics},
	journal = {The Bell Journal of Economics},
	number = 2,
	pages = {488-506},
	publisher = {JSTOR},
	title = {The pricing of primary care physicians services: a test of the role of consumer information},
	url = {http://www.jstor.org/stable/10.2307/3003568},
	urldate = {25/03/13},
	volume = 12,
	year = 1981
}

@article{Pauly2008,
	author = {Pauly, Mark V and Blavin, Fredric E},
	booktitle = {Journal of Health Economics},
	issn = {0167-6296},
	journal = {Journal of Health Economics},
	keywords = {Value-based cost sharing},
	number = 6,
	pages = {1407-1417},
	title = {Moral hazard in insurance, value-based cost sharing, and the benefits of blissful ignorance},
	url = {http://www.sciencedirect.com/science/article/pii/S0167629608000878},
	volume = 27,
	year = 2008
}

@article{Pearce1998,
	author = {Pearce, David G and Stacchetti, Ennio},
	booktitle = {Games and Economic Behavior},
	issn = 08998256,
	journal = {Games and Economic Behavior},
	month = 4,
	number = 1,
	pages = {75-96},
	title = {The Interaction of Implicit and Explicit Contracts in Repeated Agency},
	url = {http://linkinghub.elsevier.com/retrieve/pii/S0899825697906072},
	volume = 23,
	year = 1998
}

@article{Pearl1978,
	author = {Pearl, J},
	booktitle = {International Journal of Man-Machine Studies},
	journal = {International Journal of Man-Machine Studies},
	pages = {175-183},
	title = {An economic basis for certain methods of evaluating probabilistic forecasts},
	url = {http://www.sciencedirect.com/science/article/pii/S0020737378800108},
	urldate = {27/05/13},
	year = 1978
}

@article{Pearl1979,
	author = {Pearl, J},
	booktitle = {Foundations},
	journal = {Foundations},
	number = {July},
	pages = {93-109},
	title = {Entropy, information and rational decisions},
	url = {ftp://ftp.cs.ucla.edu/pub/stat\_ser/reprint17.pdf},
	urldate = {23/07/13},
	volume = 3,
	year = 1979
}

@article{Pearl1991,
	author = {Pearl, J and Verma, TS},
	title = {A theory of inferred causation},
	url = {http://citeseerx.ist.psu.edu/viewdoc/summary?doi=10.1.1.51.7221},
	urldate = {27/05/13},
	year = 1991
}

@article{Pedersen2012,
	author = {Pedersen, Kjeld Møller and Andersen, John Sahl and Søndergaard, Jens},
	booktitle = {Journal of the American Board of Family Medicine : JABFM},
	issn = {1557-2625},
	journal = {Journal of the American Board of Family Medicine : JABFM},
	keywords = {After-Hours Care,After-Hours Care: organization \& administration,Denmark,Fee-for-Service Plans,General Practice,General Practice: organization \& administration,Primary Health Care,Primary Health Care: organization \& administration,Quality Assurance, Health Care,State Medicine,State Medicine: organization \& administration,Universal Coverage},
	month = 3,
	number = {April},
	pages = {S34-8},
	title = {General practice and primary health care in Denmark.},
	url = {http://www.ncbi.nlm.nih.gov/pubmed/22403249},
	urldate = {15/04/13},
	volume = {25 Suppl 1},
	year = 2012
}

@book{Persico1996,
	author = {Persico, Nicola},
	title = {Information acquisition in affiliated decision problems},
	url = {http://www.kellogg.northwestern.edu/research/math/papers/1149.pdf},
	urldate = {30/06/14},
	year = 1996
}

@article{Persico2000,
	author = {Persico, Nicola},
	booktitle = {Econometrica},
	issn = {0012-9682},
	journal = {Econometrica},
	month = 1,
	number = 1,
	pages = {135-148},
	title = {Information acquisition in auctions},
	url = {http://doi.wiley.com/10.1111/1468-0262.00096 http://onlinelibrary.wiley.com/doi/10.1111/1468-0262.00096/abstract},
	urldate = {10/06/14},
	volume = 68,
	year = 2000
}

@article{Pesaran2011,
	author = {Pesaran, MH and Chudik, Alexander},
	keywords = {VAR models,aggregation,factor models,impulse responses,inflation persistence,large dynamic panels,long memory,weak and strong cross section dependence},
	number = {January},
	title = {Aggregation in large dynamic panels},
	url = {http://papers.ssrn.com/sol3/papers.cfm?abstract\_id=1765643},
	urldate = {07/11/13},
	year = 2011
}

@article{Pescosolido1992,
	annote = {From Duplicate 1 ( Beyond rational choice: The social dynamics of how people seek help - Pescosolido, BA A ) From Duplicate 1 ( Beyond rational choice: The social dynamics of how people seek help - Pescosolido, BA A )},
	author = {Pescosolido, BA A},
	booktitle = {American Journal of Sociology},
	journal = {American Journal of Sociology},
	keywords = {Rational choice,demand},
	note = {From Duplicate 1 ( Beyond rational choice: The social dynamics of how people seek help - Pescosolido, BA A ) From Duplicate 1 ( Beyond rational choice: The social dynamics of how people seek help - Pescosolido, BA A )},
	number = 4,
	pages = {1096-1138},
	publisher = {JSTOR},
	title = {Beyond rational choice: The social dynamics of how people seek help},
	url = {http://www.jstor.org/stable/10.2307/2781508},
	urldate = {25/03/13},
	volume = 97,
	year = 1992
}

@article{Phelps1974,
	author = {Phelps, CE and Newhouse, JP},
	booktitle = {the Review of Economics and Statistics},
	journal = {the Review of Economics and Statistics},
	number = 3,
	pages = {334-342},
	title = {Coinsurance, the price of time, and the demand for medical services},
	url = {http://www.jstor.org/stable/10.2307/1923971},
	urldate = {31/07/13},
	volume = 56,
	year = 1974
}

@article{Picone2002,
	author = {Picone, Gabriel and Chou, SY and Sloan, Frank A},
	booktitle = {RAND Journal of Economics},
	journal = {RAND Journal of Economics},
	number = 3,
	pages = {507-523},
	title = {Are for-profit hospital conversions harmful to patients and to Medicare?},
	url = {http://www.jstor.org/stable/3087470},
	urldate = {23/05/14},
	volume = 33,
	year = 2002
}

@article{Pohlmeier1995,
	author = {Pohlmeier, W and Ulrich, Volker},
	booktitle = {Journal of Human Resources},
	journal = {Journal of Human Resources},
	number = 2,
	pages = {339-361},
	title = {An econometric model of the two-part decisionmaking process in the demand for health care},
	url = {http://www.jstor.org/stable/10.2307/146123},
	urldate = {24/04/13},
	volume = 30,
	year = 1995
}

@techreport{PraktiserendeLaegersOrganisation2010,
	author = {{Praktiserende Lægers Organisation}},
	institution = {Praktiserende Lægers Organisation},
	number = {november},
	school = {Praktiserende Lægers Organisation},
	title = {PLO's omkostningsundersøgelse 2009. 1.},
	year = 2010
}

@misc{PraktiserendeLaegersOrganisation2010a,
	author = {{Praktiserende Lægers Organisation} and {Regionernes Takst og Lønningsnævn}},
	publisher = {PLO},
	title = {Overnskomst om almen praksis},
	url = {http://www.laeger.dk/portal/page/portal/LAEGERDK/Laegerdk/P\_L\_O/Overenskomster/OE 01-04-2011/Indhold - OE 01-04-2011/overenskomst om almen praksis 01-04-2011.pdf},
	year = 2010
}

@article{Prendergast1999,
	author = {Prendergast, C},
	booktitle = {Journal of economic literature},
	journal = {Journal of economic literature},
	number = 1,
	pages = {7-63},
	title = {The provision of incentives in firms},
	url = {http://www.jstor.org/stable/10.2307/2564725},
	urldate = {15/04/13},
	volume = 37,
	year = 1999
}

@article{Propper1998,
	author = {Propper, C and Wilson, D and Söderlund, N},
	booktitle = {Journal of Health Economics},
	journal = {Journal of Health Economics},
	number = 6,
	pages = {645-673},
	publisher = {Elsevier},
	title = {The effects of regulation and competition in the NHS internal market: the case of general practice fundholder prices},
	volume = 17,
	year = 1998
}

@article{Quah2009,
	author = {Quah, John K.-H. and Strulovici, Bruno},
	booktitle = {Econometrica},
	issn = {0012-9682},
	journal = {Econometrica},
	number = 6,
	pages = {1949-1992},
	title = {Comparative Statics, Informativeness, and the Interval Dominance Order},
	url = {http://doi.wiley.com/10.3982/ECTA7583},
	urldate = {17/06/14},
	volume = 77,
	year = 2009
}

@article{Quick2013,
	author = {Quick, Harrison S},
	number = 9,
	pages = {608-609},
	title = {Harrison S. Quick},
	volume = 11,
	year = 2013
}

@article{Raddish1999,
	author = {Raddish, Michele and Horn, SD and Sharkey, PD},
	booktitle = {Journal of Managed Care},
	journal = {Journal of Managed Care},
	number = 6,
	pages = {727-734},
	title = {Continuity of care: is it cost effective?},
	url = {http://www.ncbi.nlm.nih.gov/pubmed/10538452},
	urldate = {08/07/13},
	volume = 5,
	year = 1999
}

@article{Radner1972,
	author = {Radner, R and Marschak, Jacob},
	booktitle = {I964},
	journal = {I964},
	title = {Economic theory of teams},
	url = {http://scholar.google.com/scholar?hl=en\&btnG=Search\&q=intitle:economic+theory+of+teams\#3},
	urldate = {07/06/13},
	year = 1972
}

@article{Radner1984,
	author = {Radner, R and Stiglitz, J},
	booktitle = {Bayesian models in economic theory},
	journal = {Bayesian models in economic theory},
	title = {A Nonconcavity in the Value of Information},
	url = {http://big5.ce.cn/gate/big5/classes.maxwell.syr.edu/ecn611/50Nonconcavity.pdf},
	urldate = {04/06/13},
	year = 1984
}

@article{Radner2013,
	author = {Radner, Roy},
	booktitle = {Econometrica: Journal of the Econometric Society},
	journal = {Econometrica: Journal of the Econometric Society},
	number = 5,
	pages = {1173-1198},
	title = {Repeated Principal-Agent Games with Discounting},
	volume = 53,
	year = 2013
}

@article{Reinhardt1985,
	author = {Reinhardt, U I E},
	booktitle = {Journal of Health Economics},
	issn = {0167-6296},
	journal = {Journal of Health Economics},
	keywords = {SID},
	number = 2,
	pages = {187-193},
	title = {The theory of physician-induced demand reflections after a decade},
	url = {http://www.sciencedirect.com/science/article/pii/0167629685900086},
	volume = 4,
	year = 1985
}

@article{Rice1983,
	author = {Rice, Thomas},
	booktitle = {Medical care},
	issn = {0025-7079},
	journal = {Medical care},
	keywords = {Colorado,Health,Health Services Needs and Demand,Health Services Needs and Demand: economics,Health Services Research,Health Services Research: economics,Insurance,Medicare,Medicare: economics,Models,Physician's Role,Professional Practice,Professional Practice: economics,Regression Analysis,Reimbursement,Reimbursement: trends,Role,SID,Theoretical,United States},
	month = 8,
	number = 8,
	pages = {803-15},
	publisher = {JSTOR},
	title = {The impact of changing medicare reimbursement rates on physician-induced demand.},
	url = {http://www.ncbi.nlm.nih.gov/pubmed/6350746},
	volume = 21,
	year = 1983
}

@techreport{Ringel2002,
	address = {SANTA MONICA CA},
	author = {Ringel, Jeanne S and Hosek, Susan D and Vollaard, Ben A},
	institution = {RAND NATIONAL DEFENSE RESEARCH INSTITUTE},
	school = {RAND NATIONAL DEFENSE RESEARCH INSTITUTE},
	title = {The Elasticity of Demand for Health Care: A Review of the Literature Health System},
	year = 2002
}

@article{Rochaix1989,
	author = {Rochaix, Lise},
	booktitle = {Journal of Health Economics},
	issn = 01676296,
	journal = {Journal of Health Economics},
	month = 3,
	number = 1,
	pages = {53-84},
	title = {Information asymmetry and search in the market for physicians' services},
	url = {http://www.sciencedirect.com/science/article/pii/016762968990009X},
	urldate = {17/02/14},
	volume = 8,
	year = 1989
}

@article{Roodman2006,
	author = {Roodman, D},
	booktitle = {Center for Global Development working paper},
	journal = {Center for Global Development working paper},
	title = {How to do xtabond2: An introduction to difference and system GMM in Stata},
	url = {http://papers.ssrn.com/sol3/papers.cfm?abstract\_id=982943},
	urldate = {03/12/13},
	year = 2006
}

@article{Rosenbaum1991,
	author = {Rosenbaum, Sara E.},
	booktitle = {JAMA: The Journal of the American Medical Association},
	issn = {0098-7484},
	journal = {JAMA: The Journal of the American Medical Association},
	month = 2,
	number = 5,
	pages = 652,
	publisher = {American Medical Association},
	title = {Basic and Clinical Biostatistics},
	url = {http://jama.jamanetwork.com/article.aspx?articleid=384919},
	urldate = {06/05/14},
	volume = 265,
	year = 1991
}

@article{Rosenstand2008,
	author = {Rosenstand, J and Waldorff, FB},
	booktitle = {Ugeskrift for Læger},
	journal = {Ugeskrift for Læger},
	number = {April},
	pages = {1449-1453},
	title = {Computerbrug i almen praksis: patienters og lægers opfattelse},
	url = {http://forskningsbasen.deff.dk/Share.external?sp=S34f86d20-f2c8-11dd-bf70-000ea68e967b\&sp=Sku},
	urldate = {22/04/13},
	year = 2008
}

@article{Rosenzweig1983,
	author = {Rosenzweig, MR and Schultz, TP},
	booktitle = {The Journal of Political Economy},
	journal = {The Journal of Political Economy},
	number = 5,
	pages = {723-746},
	title = {Estimating a household production function: Heterogeneity, the demand for health inputs, and their effects on birth weight},
	url = {http://www.jstor.org/stable/10.2307/1837367},
	urldate = {16/09/13},
	volume = 91,
	year = 1983
}

@article{Rubinstein1983,
	author = {Rubinstein, Ariel and Yaari, Menahem E},
	booktitle = {Journal of Economic Theory},
	issn = 00220531,
	journal = {Journal of Economic Theory},
	month = 6,
	number = 1,
	pages = {74-97},
	title = {Repeated insurance contracts and moral hazard},
	url = {http://linkinghub.elsevier.com/retrieve/pii/0022053183900947},
	volume = 30,
	year = 1983
}

@article{Rubinstein1994,
	author = {Rubinstein, Ariel and Wolinsky, Asher},
	booktitle = {Games and Economic Behavior},
	journal = {Games and Economic Behavior},
	title = {Rationalizable conjectural equilibrium: between Nash and rationalizability},
	url = {http://www.sciencedirect.com/science/article/pii/S0899825684710165},
	urldate = {03/11/13},
	year = 1994
}

@article{Rust1987,
	author = {Rust, J},
	booktitle = {Econometrica: Journal of the Econometric Society},
	journal = {Econometrica: Journal of the Econometric Society},
	number = 5,
	pages = {999-1033},
	title = {Optimal Replacement of GMC Bus Engines : An Empirical Model of Harold Zurcher},
	url = {http://www.jstor.org/stable/10.2307/1911259},
	urldate = {21/12/13},
	volume = 55,
	year = 1987
}

@article{Sackett1992,
	author = {Sackett, David L.},
	booktitle = {JAMA: The Journal of the American Medical Association},
	issn = {0098-7484},
	journal = {JAMA: The Journal of the American Medical Association},
	month = 5,
	number = 19,
	pages = 2638,
	publisher = {American Medical Association},
	title = {A Primer on the Precision and Accuracy of the Clinical Examination},
	url = {http://jama.jamanetwork.com/article.aspx?articleid=397276},
	urldate = {06/05/14},
	volume = 267,
	year = 1992
}

@unpublished{Schmid2012,
	annote = {Working paper},
	author = {Schmid, C},
	note = {Working paper},
	title = {Identification of Supplier-induced Demand What kind of consumer information matters?},
	year = 2012
}

@article{Schmidt2011,
	author = {Hennig-Schmidt, Heike and Selten, Reinhard and Wiesen, Daniel},
	booktitle = {Journal of Health Economics},
	journal = {Journal of Health Economics},
	keywords = {capitation fee,capitation fee statistics \& numerical data,choice behavior,fee service plans,fee service plans economics,fee service plans statistics \& numerical data,health services misuse,health services misuse economics,health services misuse statistics \& numerical dat,humans,physician incentive plans,physician incentive plans economics,physician s practice patterns,physician s practice patterns economics,physician s practice patterns statistics \& numeri},
	number = 4,
	pages = {637-646},
	publisher = {Bonn Econ Discussion Papers},
	title = {How payment systems affect physicians' provision behaviour-An experimental investigation.},
	url = {http://www.ncbi.nlm.nih.gov/pubmed/21683460},
	volume = 30,
	year = 2011
}

@article{Schmitz2010,
	author = {Schmitz, H},
	title = {Practice budgets and the patient mix of physicians-Evaluating the effects of remuneration system reforms on physician behaviour in Germany},
	url = {http://www.econstor.eu/handle/10419/37176},
	urldate = {15/04/13},
	year = 2010
}

@article{Scott1995,
	author = {Scott, Anthony and Hall, Jane},
	booktitle = {Health Policy},
	issn = 01688510,
	journal = {Health Policy},
	number = 3,
	pages = {183-195},
	title = {Evaluating the effects of GP remuneration: problems and prospects},
	url = {http://dx.doi.org/10.1016/0168-8510(94)00697-D},
	volume = 31,
	year = 1995
}

@article{Scott1997,
	author = {Scott, Anthony and Shiell, Alan},
	booktitle = {Journal of Health Economics},
	issn = 01676296,
	journal = {Journal of Health Economics},
	number = 3,
	pages = {323-342},
	title = {Do fee descriptors influence treatment choices in general practice? A multilevel discrete choice model},
	url = {http://dx.doi.org/10.1016/S0167-6296(96)00520-6},
	volume = 16,
	year = 1997
}

@article{Scott2000,
	author = {Scott, Anthony},
	booktitle = {Handbook of health economics},
	issn = {0025-729X},
	journal = {Handbook of health economics},
	keywords = {Australia,Family Practice,Family Practice: economics},
	month = 9,
	number = 6,
	pages = 396,
	title = {Economics of general practice},
	url = {http://www.pubmedcentral.nih.gov/articlerender.fcgi?artid=1313674\&tool=pmcentrez\&rendertype=abstract http://www.sciencedirect.com/science/article/pii/S1574006400800359},
	urldate = {08/07/13},
	volume = 141,
	year = 2000
}

@article{Scott2001,
	author = {Scott, Anthony},
	booktitle = {Journal of health economics},
	issn = {0167-6296},
	journal = {Journal of health economics},
	keywords = {Adult,Aged,Attitude of Health Personnel,Career Choice,Data Collection,Female,Great Britain,Humans,Income,Job Description,Job Satisfaction,Male,Middle Aged,Models, Statistical,Physicians, Family,Physicians, Family: economics,Physicians, Family: psychology,Professional Practice Location,Regression Analysis,Workload},
	month = 5,
	number = 3,
	pages = {329-47},
	title = {Eliciting GPs' preferences for pecuniary and non-pecuniary job characteristics.},
	url = {http://www.ncbi.nlm.nih.gov/pubmed/11373834},
	volume = 20,
	year = 2001
}

@incollection{Serrano2008,
	address = {Basingstoke},
	author = {Serrano, Roberto},
	booktitle = {The New Palgrave Dictionary of Economics},
	isbn = {978-0-333-78676-5},
	journal = {The New Palgrave Dictionary of Economics},
	keywords = {alternatives,asymmetric information,bargaining,bayesian equilibrium,edgeworth,f,game,harsanyi,hicks,incomplete information,independence of irrelevant,j,kalai,morgenstern,nash,o,smorodinsky bargaining solution,theory},
	month = 2,
	number = 1944,
	publisher = {Nature Publishing Group},
	title = {Bargaining},
	url = {http://www.dictionaryofeconomics.com/article?id=pde2008},
	urldate = {16/09/14},
	year = 2008
}

@article{Shannon1948,
	author = {Shannon, CE and Weaver, W},
	booktitle = {The Bell System Technical Journal},
	journal = {The Bell System Technical Journal},
	pages = {379-423},
	title = {A mathematical theory of communication},
	url = {http://circuit.ucsd.edu/{	extasciitilde}yhk/ece287a-win08/shannon1948.pdf},
	urldate = {13/05/13},
	volume = 27,
	year = 1948
}

@article{Shannon1995,
	author = {Shannon, Chris},
	booktitle = {Economic Theory},
	isbn = {0938-2259},
	issn = 09382259,
	journal = {Economic Theory},
	pages = {209-227},
	title = {Weak and strong monotone comparative statics},
	volume = 5,
	year = 1995
}

@article{Sickles2012,
	author = {Sickles, Robin C},
	number = 2,
	pages = {187-197},
	title = {On the Dynamics of of Health Demand for the Production},
	volume = 16,
	year = 2012
}

@incollection{Sloan2007,
	author = {Sloan, Frank A and Kasper, Hirschel},
	booktitle = {Incentives and Choice in Health Care},
	isbn = 9780262693653,
	journal = {Incentives and Choice in Health Care},
	pages = {319-353},
	publisher = {MIT Press},
	title = {Competition, Information Provision, and Hospital Quality},
	year = 2007
}

@article{Sloan2009,
	author = {Sloan, Frank A and Shadle, John H},
	booktitle = {Journal of health economics},
	issn = {0167-6296},
	journal = {Journal of health economics},
	keywords = {Aged,Aged, 80 and over,Compensation and Redress,Compensation and Redress: legislation \& jurisprude,Data Collection,Defensive Medicine,Defensive Medicine: economics,Female,Health Care Reform,Health Care Reform: legislation \& jurisprudence,Humans,Insurance Claim Review,Longitudinal Studies,Male,Malpractice,Malpractice: economics,Medicare,Medicare: economics,United States},
	month = 3,
	number = 2,
	pages = {481-91},
	title = {Is there empirical evidence for "Defensive Medicine"? A reassessment.},
	url = {http://www.sciencedirect.com/science/article/pii/S0167629608001951},
	urldate = {23/05/14},
	volume = 28,
	year = 2009
}

@incollection{Sloan2012,
	author = {Sloan, Frank A and Hsieh, Chee-Ruey},
	booktitle = {Health Economics},
	isbn = 9780262016766,
	journal = {Health Economics},
	pages = {219-273},
	publisher = {MIT Press},
	title = {Hospitals},
	year = 2012
}

@article{Staiger1994,
	author = {Staiger, Douglas O and Stock, James H JH},
	booktitle = {Econometrica},
	isbn = {0012-9682},
	issn = 00129682,
	journal = {Econometrica},
	keywords = {overidentification tests},
	month = 5,
	number = 3,
	pages = {557-586},
	title = {Instrumental variables regression with weak instruments},
	url = {http://www.nber.org/papers/t0151 http://www.jstor.org/stable/2171753?origin=crossref},
	urldate = {13/12/13},
	volume = 65,
	year = 1994
}

@article{Starfield2011,
	author = {Starfield, Barbara},
	pages = {1129-1133},
	title = {Primary Care},
	year = 2011
}

@book{Stern2004,
	author = {Stern, David I},
	isbn = 5182766386,
	number = 0403,
	title = {Working Papers in Economics},
	year = 2004
}

@article{Stoves2010,
	author = {Stoves, John and Connolly, John and Cheung, Chee Kay and Grange, Angela and Rhodes, Penny and O'Donoghue, Donal and Wright, John},
	booktitle = {Quality \& safety in health care},
	issn = {1475-3901},
	journal = {Quality \& safety in health care},
	keywords = {Aged,Efficiency, Organizational,Electronic Health Records,Great Britain,Health Services Accessibility,Humans,Kidney Failure, Chronic,Medical Record Linkage,Referral and Consultation,Referral and Consultation: organization \& administ},
	month = 10,
	number = 5,
	pages = {e54},
	publisher = {BMJ Publishing Group Ltd},
	title = {Electronic consultation as an alternative to hospital referral for patients with chronic kidney disease: a novel application for networked electronic health records to improve the accessibility and efficiency of healthcare.},
	url = {http://qualitysafety.bmj.com/content/19/5/e54.full},
	urldate = {22/04/13},
	volume = 19,
	year = 2010
}

@techreport{Sundhedssyrelsen2012,
	author = {Sundhedssyrelsen},
	institution = {Sundhedssyrelsen},
	pages = {1-4},
	school = {Sundhedssyrelsen},
	title = {Beskrivelse af Sundhedsstyrelsens monitorering af kronisk sygdom},
	year = 2012
}

@article{Szalanski1981,
	author = {Christensen-Szalanski, J J and Bushyhead, J B},
	booktitle = {Journal of experimental psychology. Human perception and performance},
	issn = {0096-1523},
	journal = {Journal of experimental psychology. Human perception and performance},
	month = 8,
	number = 4,
	pages = {928-935},
	title = {Physician's use of probabilistic information in a real clinical setting.},
	url = {http://view.ncbi.nlm.nih.gov/pubmed/6457103},
	volume = 7,
	year = 1981
}

@article{Tarrant2004,
	author = {Tarrant, C and Stokes, T and Colman, A M},
	booktitle = {Quality and Safety in Health Care},
	issn = {1475-3898},
	journal = {Quality and Safety in Health Care},
	month = 12,
	number = 6,
	pages = {461-466},
	publisher = {BMJ Publishing Group Ltd},
	title = {Models of the medical consultation: opportunities and limitations of a game theory perspective},
	url = {http://qualitysafety.bmj.com/lookup/doi/10.1136/qshc.2003.008417},
	urldate = {23/03/13},
	volume = 13,
	year = 2004
}

@article{Teljeur2011,
	author = {Teljeur, Conor and Kelly, Alan and O'Dowd, Tom},
	booktitle = {International journal of family medicine},
	issn = {2090-2050},
	journal = {International journal of family medicine},
	title = {Spatial variation in general medical services income in dublin general practitioners.},
	url = {http://dx.doi.org/10.1155/2011/971231},
	volume = 2011,
	year = 2011
}

@article{Theil1965,
	author = {Theil, H},
	booktitle = {Econometrica: Journal of the Econometric Society},
	journal = {Econometrica: Journal of the Econometric Society},
	number = 1,
	pages = {67-87},
	title = {The information approach to demand analysis},
	url = {http://scholar.google.com/scholar?hl=en\&btnG=Search\&q=intitle:The+Information+Approach+to+Demand+Analysis\#0},
	urldate = {29/04/14},
	volume = 33,
	year = 1965
}

@article{Thompson1997,
	author = {Thompson, H.},
	booktitle = {Applied Mathematics Letters},
	issn = 08939659,
	journal = {Applied Mathematics Letters},
	keywords = {bilateral,complementarity,cross price,elasticity,substitution},
	month = 5,
	number = 3,
	pages = {123-127},
	title = {Substitution elasticities with many inputs},
	url = {http://linkinghub.elsevier.com/retrieve/pii/S0893965997000475},
	volume = 10,
	year = 1997
}

@book{Topkis1998,
	author = {Topkis, DM},
	isbn = 0691032440,
	title = {Supermodularity and complementarity},
	url = {http://books.google.com/books?hl=en\&lr=\&id=ueNbfnORSUcC\&oi=fnd\&pg=PR6\&dq=Supermodularity+and+complementarity\&ots=CJT-Tw1Ugr\&sig=YRno\_Vzai4Aovfd9c8IN1UUGIXg},
	urldate = {13/06/14},
	year = 1998
}

@book{Trogdon2004,
	author = {Trogdon, Justin G.},
	booktitle = {International Economic Review},
	issn = 00206598,
	journal = {International Economic Review},
	month = 11,
	number = 4,
	pages = {1183-1204},
	title = {Demand for and Regulation of Cardiac Services},
	url = {https://www.economics.adelaide.edu.au/research/papers/doc/wp2004-12.pdf http://doi.wiley.com/10.1111/j.1468-2354.2009.00565.x},
	urldate = {23/05/14},
	volume = 50,
	year = 2004
}

@article{Tversky1974,
	author = {Tversky, a and Kahneman, D},
	booktitle = {Science (New York, N.Y.)},
	issn = {0036-8075},
	journal = {Science (New York, N.Y.)},
	month = 9,
	number = 4157,
	pages = {1124-31},
	title = {Judgment under Uncertainty: Heuristics and Biases.},
	url = {http://www.ncbi.nlm.nih.gov/pubmed/17835457},
	volume = 185,
	year = 1974
}

@article{Uzawa1962,
	author = {Uzawa, Hirofumi},
	booktitle = {The review of economic studies},
	journal = {The review of economic studies},
	number = 4,
	pages = {291-299},
	title = {Production Functions Elasticities of Substitution},
	volume = 29,
	year = 1962
}

@article{Vany1974,
	author = {Vany, Arthur De},
	booktitle = {The Review of Economics and Statistics},
	journal = {The Review of Economics and Statistics},
	number = 1,
	pages = {77-82},
	title = {The revealed value of time in air travel},
	url = {http://www.jstor.org/stable/10.2307/1927529},
	urldate = {03/02/14},
	volume = 56,
	year = 1974
}

@article{Vedsted2008,
	author = {Vedsted, Peter and Sokolowski, Ineta and Heje, Hanne N},
	booktitle = {Scandinavian journal of primary health care},
	isbn = 0281343080229,
	issn = {1502-7724},
	journal = {Scandinavian journal of primary health care},
	keywords = {Adult,Denmark,Family Practice,Family Practice: standards,Health Services Accessibility,Health Services Accessibility: standards,Humans,Patient Education as Topic,Patient Education as Topic: standards,Patient Satisfaction,Physician-Patient Relations,Psychometrics,Questionnaires,Questionnaires: standards},
	month = 1,
	number = 3,
	pages = {174-80},
	title = {Data quality and confirmatory factor analysis of the Danish EUROPEP questionnaire on patient evaluation of general practice.},
	url = {http://www.pubmedcentral.nih.gov/articlerender.fcgi?artid=3409606\&tool=pmcentrez\&rendertype=abstract},
	urldate = {16/09/13},
	volume = 26,
	year = 2008
}

@article{Vick1998,
	author = {Vick, Sandra and Scott, Anthony},
	booktitle = {Journal of Health Economics},
	issn = {0167-6296},
	journal = {Journal of Health Economics},
	keywords = { agency,Random effects probit},
	number = 5,
	pages = {587-605},
	title = {Agency in health care. Examining patients' preferences for attributes of the doctor--patient relationship},
	url = {http://www.sciencedirect.com/science/article/pii/S0167629697000350},
	volume = 17,
	year = 1998
}

@article{Viscusi1980,
	author = {Viscusi, WK},
	booktitle = {The Quarterly Journal of Economics},
	journal = {The Quarterly Journal of Economics},
	title = {A theory of job shopping: A Bayesian perspective},
	url = {http://www.jstor.org/stable/1884587},
	urldate = {27/05/14},
	year = 1980
}

@article{Voss2007,
	author = {Voss, Henning and Ravn, BL},
	booktitle = {Ugeskrift for Læger},
	journal = {Ugeskrift for Læger},
	pages = {2318-2321},
	title = {Danskernes brug af sundhedsydelser pa internettet},
	url = {http://www.forskningsenheten.no/docs/+Web-Based\_Research.Data/PDF/VP49010-3927705344/VP49010.pdf},
	urldate = {16/09/13},
	year = 2007
}

@article{Wagstaff1986,
	annote = {From Duplicate 1 ( The demand for health: a simplified Grossman model - Wagstaff, Adam )},
	author = {Wagstaff, Adam},
	booktitle = {Bulletin of Economic Research},
	issn = {0307-3378},
	journal = {Bulletin of Economic Research},
	month = 1,
	note = {From Duplicate 1 ( The demand for health: a simplified Grossman model - Wagstaff, Adam )},
	number = 1,
	pages = {93-95},
	title = {The demand for health: a simplified Grossman model},
	url = {http://onlinelibrary.wiley.com/doi/10.1111/j.1467-8586.1986.tb00206.x/abstract http://doi.wiley.com/10.1111/j.1467-8586.1986.tb00206.x},
	urldate = {18/09/13},
	volume = 38,
	year = 1986
}

@article{Wagstaff1993,
	author = {Wagstaff, Adam},
	booktitle = {Health Economics},
	isbn = 0470841451,
	journal = {Health Economics},
	title = {The demand for health: an empirical reformulation of the Grossman model},
	url = {http://onlinelibrary.wiley.com/doi/10.1002/hec.4730020211/abstract},
	urldate = {10/09/13},
	volume = 1,
	year = 1993
}

@article{Wedig1993,
	author = {Wedig, G J},
	booktitle = {Journal of health economics},
	journal = {Journal of health economics},
	number = 4,
	pages = {365-384},
	publisher = {Elsevier},
	title = {Ramsey pricing and supply-side incentives in physician markets},
	volume = 12,
	year = 1993
}

@article{Weijden2002,
	author = {van der Weijden, Trudy and van Bokhoven, Marloes A and Dinant, Geert-Jan J and van Hasselt, Cathelijne M and Grol, Richard P T M},
	booktitle = {The British journal of general practice : the journal of the Royal College of General Practitioners},
	issn = {0960-1643},
	journal = {The British journal of general practice : the journal of the Royal College of General Practitioners},
	keywords = {Adult,Attitude of Health Personnel,Attitude to Health,Clinical Laboratory Techniques,Clinical Laboratory Techniques: utilization,Continuity of Patient Care,Family,Family: psychology,Family: statistics \& numerical data,Female,Humans,Interprofessional Relations,Male,Middle Aged,Motivation,Netherlands,Physician's Practice Patterns,Physician's Practice Patterns: statistics \& numeri,Physician-Patient Relations,Physicians,Referral and Consultation,Referral and Consultation: utilization,Uncertainty,Unnecessary Procedures,uncertianty},
	month = 12,
	number = 485,
	pages = {974-80},
	title = {Understanding laboratory testing in diagnostic uncertainty: a qualitative study in general practice.},
	url = {http://www.pubmedcentral.nih.gov/articlerender.fcgi?artid=1314466\&tool=pmcentrez\&rendertype=abstract http://www.ncbi.nlm.nih.gov/pmc/articles/PMC1314466/},
	volume = 52,
	year = 2002
}

@article{Weinstein2001,
	author = {Weinstein, MC C},
	booktitle = {Journal of Medical Ethics},
	journal = {Journal of Medical Ethics},
	keywords = {cost-effectiveness,moral hazard,physician-patient relationship,resource allocation},
	number = 4,
	pages = {268-274},
	publisher = {BMJ Publishing Group Ltd and Institute of Medical Ethics},
	title = {Should physicians be gatekeepers of medical resources?},
	url = {http://jme.bmj.com/content/27/4/268.short},
	urldate = {25/03/13},
	volume = 27,
	year = 2001
}

@article{Weiss1996,
	author = {Weiss, L J and Blustein, J},
	booktitle = {American journal of public health},
	issn = {0090-0036},
	journal = {American journal of public health},
	keywords = {Aged,Aged, 80 and over,Continuity of Patient Care,Continuity of Patient Care: economics,Female,Health Behavior,Health Services,Health Services: economics,Health Services: utilization,Hospitalization,Hospitalization: statistics \& numerical data,Humans,Male,Medicare,Multivariate Analysis,Office Visits,Office Visits: statistics \& numerical data,Physician-Patient Relations,Preventive Health Services,Preventive Health Services: statistics \& numerical,Socioeconomic Factors,Time Factors,United States},
	month = 12,
	number = 12,
	pages = {1742-7},
	title = {Faithful patients: the effect of long-term physician-patient relationships on the costs and use of health care by older Americans.},
	url = {http://www.pubmedcentral.nih.gov/articlerender.fcgi?artid=1380727\&tool=pmcentrez\&rendertype=abstract},
	volume = 86,
	year = 1996
}

@article{Wennberg1982,
	author = {Wennberg, J E and Barnes, B a and Zubkoff, M},
	booktitle = {Social science \& medicine (1982)},
	issn = {0277-9536},
	journal = {Social science \& medicine (1982)},
	keywords = {Behavior,Catchment Area (Health),Clinical Competence,Decision Making,Health Services,Health Services Needs and Demand,Health Services Needs and Demand: economics,Health Services Research,Health Services Research: economics,Health Services: utilization,Humans,New England,Physician's Role,Probability,Role,Socioeconomic Factors,Surgical Procedures, Operative,Surgical Procedures, Operative: utilization},
	month = 1,
	number = 7,
	pages = {811-24},
	title = {Professional uncertainty and the problem of supplier-induced demand.},
	url = {http://www.ncbi.nlm.nih.gov/pubmed/7100999},
	volume = 16,
	year = 1982
}

@misc{Who????,
	author = {WHO},
	title = {WHO definition of Health},
	url = {http://www.who.int/about/definition/en/print.html},
	urldate = {01/05/14}
}

@article{Williams2008,
	author = {Williams, Peter and Schnier, Thorsten},
	number = 1986,
	pages = {1-6},
	title = {The Harvard Family of Bibliography Styles},
	year = 2008
}

@article{Williamson1993,
	author = {Williamson, Oliver E.},
	booktitle = {Managerial and Decision Economics},
	issn = 01436570,
	journal = {Managerial and Decision Economics},
	month = 3,
	number = 2,
	pages = {97-107},
	title = {Opportunism and its critics},
	url = {http://doi.wiley.com/10.1002/mde.4090140203},
	volume = 14,
	year = 1993
}

@article{Wolff1989,
	author = {Wolff, Nancy},
	isbn = 0277953618,
	keywords = {-professional},
	number = 2,
	pages = {99-107},
	title = {PROFESSIONAL UNCERTAINTY AND PHYSICIAN MEDICAL DECISION-MAKING IN A MULTIPLE TREATMENT FRAMEWORK},
	volume = 28,
	year = 1989
}

@article{Wolinsky1993,
	author = {Wolinsky, Asher},
	booktitle = {RAND Journal of Economics (RAND Journal of Economics)},
	issn = 07416261,
	journal = {RAND Journal of Economics (RAND Journal of Economics)},
	keywords = {SID},
	number = 3,
	pages = {380-398},
	title = {Competition in a market for informed experts' services.},
	url = {http://search.ebscohost.com.ep.fjernadgang.kb.dk/login.aspx?direct=true\&db=bth\&AN=9311154084\&site=ehost-live},
	volume = 24,
	year = 1993
}

@article{Woodward1998,
	author = {Woodward, R S and Schnitzler, M A and Kvols, L K},
	booktitle = {Health economics},
	issn = {1057-9230},
	journal = {Health economics},
	keywords = {Carcinoid Tumor,Carcinoid Tumor: radionuclide imaging,Carcinoid Tumor: secondary,Carcinoid Tumor: surgery,Cost Savings,Cost-Benefit Analysis,Decision Trees,Health Status,Humans,Liver Neoplasms,Liver Neoplasms: pathology,Models, Econometric,Octreotide,Octreotide: analogs \& derivatives,Octreotide: diagnostic use,Quality-Adjusted Life Years,Risk Factors,Treatment Outcome},
	month = 3,
	number = 2,
	pages = {149-60},
	title = {Reduced uncertainty as a diagnostic benefit: an initial assessment of somatostatic receptor scintigraphy's value in detecting distant metastases of carcinoid liver tumours.},
	url = {http://www.ncbi.nlm.nih.gov/pubmed/9565171},
	urldate = {13/05/13},
	volume = 7,
	year = 1998
}

@book{Wooldridge2002,
	author = {Wooldridge, Jeffrey M JM},
	booktitle = {booksgooglecom},
	isbn = 0262232197,
	issn = 09331719,
	journal = {booksgooglecom},
	pages = 752,
	title = {Econometric analysis of cross section and panel data},
	url = {http://books.google.com/books?hl=en\&amp;lr=\&amp;id=cdBPOJUP4VsC\&amp;oi=fnd\&amp;pg=PA1\&amp;dq=Econometric+Analysis+of+Cross+Section+and+Panel+Data\&amp;ots=jabbMTk6sf\&amp;sig=lBc6Dsy959N2dTJD42bbNQoBzEY http://books.google.com/books?hl=en\&lr=\&id=cdBPOJUP4VsC\&oi=fnd\&pg=PR17\&dq=Econometric+Analysis+of+Cross+Section+and+Panel+Data\&ots=jbc8ERgarg\&sig=o5zxODlq1A3im2n5cjAVpF18n1A},
	urldate = {16/07/13},
	volume = 58,
	year = 2002
}

@article{Wranik2010,
	author = {Wranik, Dominika W and Durier-Copp, Martine},
	booktitle = {Health care analysis : HCA : journal of health philosophy and policy},
	issn = {1573-3394},
	journal = {Health care analysis : HCA : journal of health philosophy and policy},
	keywords = {Canada,Capitation Fee,Family Practice,Family Practice: economics,Humans,Income,Physicians, Family,Physicians, Family: economics,Physicians, Family: supply \& distribution,Physicians, Primary Care,Physicians, Primary Care: economics,Physicians, Primary Care: supply \& distribution,Primary Health Care,Primary Health Care: economics,Qualitative Research,Remuneration,Salaries and Fringe Benefits,Salaries and Fringe Benefits: economics},
	month = 3,
	number = 1,
	pages = {35-59},
	title = {Physician remuneration methods for family physicians in Canada: expected outcomes and lessons learned.},
	url = {http://www.ncbi.nlm.nih.gov/pubmed/19172400},
	urldate = {15/04/13},
	volume = 18,
	year = 2010
}

@misc{Xianyu2012,
	author = {Xianyu, Bo},
	keywords = {Adaptive Expectation,Agent-Based Simulation,Complex Network,Prisoner''s Dilemma Game},
	month = 6,
	publisher = {JASSS},
	title = {Prisoner's Dilemma Game on Complex Networks with Agents' Adaptive Expectations},
	url = {http://jasss.soc.surrey.ac.uk/15/3/3.html},
	urldate = {18/04/13},
	year = 2012
}

@article{Yao1994,
	author = {Yao, Xin and Darwen, PJ},
	booktitle = {Informatica},
	journal = {Informatica},
	pages = {156-159},
	title = {An experimental study of N-person iterated prisoner's dilemma games},
	url = {http://citeseerx.ist.psu.edu/viewdoc/summary?doi=10.1.1.76.8388},
	urldate = {18/04/13},
	year = 1994
}

@article{Yildiz2004,
	author = {Yildiz, Muhamet},
	booktitle = {The Quarterly Journal of Economics},
	issn = {0033-5533},
	journal = {The Quarterly Journal of Economics},
	keywords = {collective bargining,labor arbitrarion,negotiation in business,organizational behavior},
	pages = {223-248},
	title = {Waiting to Persuade},
	url = {http://qje.oxfordjournals.org/cgi/doi/10.1162/003355304772839579\nhttp://www.jstor.org/stable/25098682\nhttp://search.ebscohost.com/login.aspx?direct=true\&db=bth\&AN=12336619\&site=ehost-live\&scope=site},
	volume = 119,
	year = 2004
}

@article{Zandt2002,
	author = {Zandt, Timothy Van},
	number = {November},
	pages = {1-17},
	title = {An introduction to monotone comparative statics},
	url = {http://mimex.puj.edu.co/SITJ/Van\_Zandt\_Monotone\_Comparative\_Statics.pdf},
	urldate = {16/06/14},
	year = 2002
}

@article{Zhou2007,
	author = {Zhou, YY and Garrido, Terhilda and Chin, HL},
	booktitle = {… J Manag Care},
	journal = {… J Manag Care},
	number = {July},
	pages = {418-424},
	title = {Patient access to an electronic health record with secure messaging: impact on primary care utilization},
	url = {http://www.researchgate.net/publication/6217959\_Patient\_access\_to\_an\_electronic\_health\_record\_with\_secure\_messaging\_impact\_on\_primary\_care\_utilization/file/9fcfd511e7e2d3470a.pdf},
	urldate = {22/04/13},
	year = 2007
}

@article{Zweifel2000,
	author = {Zweifel, Peter},
	isbn = 9780444504708,
	issn = 15740064,
	pages = {409-459},
	title = {Chapter 8 Moral hazard and consumer incentives in health care},
	volume = 1,
	year = 2000
}

@article{1990,
	author = {Gaynor, Martin and Pauly, Mark V},
	booktitle = {Journal of Political Economy},
	issn = 00223808,
	journal = {Journal of Political Economy},
	number = 3,
	pages = {pp. 544-573},
	publisher = {The University of Chicago Press},
	title = {Compensation and Productive Efficiency in Partnerships: Evidence from Medical Groups Practice},
	url = {http://www.jstor.org/stable/2937699},
	volume = 98,
	year = 1990
}

@article{Acquisition2000,
	author = {Persico, Nicola},
	booktitle = {Econometrica},
	issn = {0012-9682},
	journal = {Econometrica},
	month = 1,
	number = 1,
	pages = {135-148},
	title = {Information acquisition in auctions},
	url = {http://doi.wiley.com/10.1111/1468-0262.00096 http://onlinelibrary.wiley.com/doi/10.1111/1468-0262.00096/abstract},
	urldate = {10/06/14},
	volume = 68,
	year = 2000
}

@article{AlbertMa2002,
	author = {Albert Ma, Ching-To and Riordan, Michael H.},
	booktitle = {Journal of Economics \& Management Strategy},
	issn = {1058-6407},
	journal = {Journal of Economics \& Management Strategy},
	month = 3,
	number = 1,
	pages = {81-107},
	title = {Health Insurance, Moral Hazard, and Managed Care},
	url = {http://doi.wiley.com/10.1111/j.1430-9134.2002.00081.x},
	urldate = {26/03/14},
	volume = 11,
	year = 2002
}

@article{Amir2005a,
	author = {Amir, Rabah},
	booktitle = {Southern Economic Journal},
	issn = 00384038,
	journal = {Southern Economic Journal},
	month = 1,
	number = {January 2004},
	pages = {636-660},
	title = {Supermodularity and complementarity in economics: an elementary survey},
	url = {http://www.jstor.org/stable/10.2307/20062066?origin=crossref http://www.jstor.org/stable/20062066},
	urldate = {13/06/14},
	volume = 71,
	year = 2005
}

@article{Aron-Dine2012,
	author = {Aron-Dine, A and Einav, Liran and Finkelstein, Amy and Cullen, MR},
	keywords = {alcoa portion of the,and numerous seminar participants,and to amitabh chandra,assistance,ben handel,between alcoa,data were provided as,david molitor and james,dynamic incentives,for helpful comments and,forward looking behavior,health insurance,inc,je,kate ho,liebman,moral hazard,part of an ongoing,service and research agreement,suggestions,the,wang for outstanding research,we are grateful to},
	number = {November},
	title = {Moral hazard in health insurance: How important is forward looking behavior?},
	url = {http://www.nber.org/papers/w17802},
	urldate = {19/04/13},
	year = 2012
}

@article{arrow1963uncertainty,
	author = {Arrow, KJ},
	booktitle = {The American Economic Review},
	journal = {The American Economic Review},
	number = 5,
	pages = {941-973},
	title = {Uncertainty and the Welfare Economics of Medical Care},
	volume = 53,
	year = 1963
}

@unpublished{Athey1998c,
	author = {Athey, Susan Carleton},
	number = {July},
	title = {Comparative statics under uncertainty: single crossing properties and log-supermodularity},
	url = {http://papers.ssrn.com/sol3/papers.cfm?abstract\_id=8585},
	urldate = {15/07/14},
	year = 1998
}

@unpublished{Athey1998d,
	author = {Athey, S},
	booktitle = {Working Paper-Massachusetts Institute of …},
	journal = {Working Paper-Massachusetts Institute of …},
	keywords = {comparative statics,concavity,economics of uncertainty,investment,monotone,quasi-supermodularity,single crossing properties,stochastic dominance,supermodularity},
	number = {March 1994},
	title = {Characterizing properties of stochastic objective functions},
	url = {http://web.mit.edu/athey/www/CPSO99.pdf},
	year = 1998
}

@article{Benartzi110,
	author = {Benartzi, Shlomo and Thaler, RH Richard H},
	booktitle = {The quarterly journal of Economics},
	issn = 00335533,
	journal = {The quarterly journal of Economics},
	keywords = {BONDS (Finance),CAPITALISTS \& financiers,EQUITY,INVESTMENTS,PUZZLES,STOCKS (Finance)},
	number = 1,
	pages = 73,
	title = {Myopic loss aversion and the equity premium puzzle},
	url = {http://search.ebscohost.com.ep.fjernadgang.kb.dk/login.aspx?direct=true\&db=bth\&AN=9503230831\&site=ehost-live http://qje.oxfordjournals.org/content/110/1/73.short},
	urldate = {15/04/13},
	volume = 110,
	year = 1995
}

@article{Bernheim1986b,
	author = {Bernheim, BD and Whinston, MD},
	booktitle = {Econometrica: Journal of the Econometric …},
	journal = {Econometrica: Journal of the Econometric …},
	keywords = {efficiency,principal-agent,remedies,several principals},
	number = 4,
	pages = {923-942},
	title = {Common agency},
	url = {http://www.jstor.org/stable/10.2307/1912844},
	urldate = {15/04/13},
	volume = 54,
	year = 1986
}

@article{Blackorby1989a,
	annote = {From Duplicate 1 ( Will the real elasticity of substitution please stand up?(A comparison of the Allen/Uzawa and Morishima elasticities) - Blackorby, Charles; Russell, RR Robert ) From Duplicate 1 ( Will the real elasticity of substitution please stand up?(A comparison of the Allen/Uzawa and Morishima elasticities) - Blackorby, Charles; Russell, RR ) From Duplicate 2 ( Will the Real Elasticity of Substitution Please Stand Up? (A Comparison of the Allen/Uzawa and Morishima Elasticities) - Blackorby, Charles; Russell, R Robert ) From Duplicate 2 ( Will the Real Elasticity of Substitution Please Stand Up? (A Comparison of the Allen/Uzawa and Morishima Elasticities) - Blackorby, C; Russell, R R ) From Duplicate 2 ( Will the Real Elasticity of Substitution Please Stand Up? (A Comparison of the Allen/Uzawa and Morishima Elasticities) - Blackorby, Charles; Russell, R Robert ) From Duplicate 2 ( Will the Real Elasticity of Substitution Please Stand Up? (A Comparison of the Allen/Uzawa and Morishima Elasticities) - Blackorby, C; Russell, R R )},
	author = {Blackorby, Charles and Russell, RR},
	booktitle = {The American Economic Review},
	journal = {The American Economic Review},
	note = {From Duplicate 1 ( Will the real elasticity of substitution please stand up?(A comparison of the Allen/Uzawa and Morishima elasticities) - Blackorby, Charles; Russell, RR Robert ) From Duplicate 1 ( Will the real elasticity of substitution please stand up?(A comparison of the Allen/Uzawa and Morishima elasticities) - Blackorby, Charles; Russell, RR ) From Duplicate 2 ( Will the Real Elasticity of Substitution Please Stand Up? (A Comparison of the Allen/Uzawa and Morishima Elasticities) - Blackorby, Charles; Russell, R Robert ) From Duplicate 2 ( Will the Real Elasticity of Substitution Please Stand Up? (A Comparison of the Allen/Uzawa and Morishima Elasticities) - Blackorby, C; Russell, R R ) From Duplicate 2 ( Will the Real Elasticity of Substitution Please Stand Up? (A Comparison of the Allen/Uzawa and Morishima Elasticities) - Blackorby, Charles; Russell, R Robert ) From Duplicate 2 ( Will the Real Elasticity of Substitution Please Stand Up? (A Comparison of the Allen/Uzawa and Morishima Elasticities) - Blackorby, C; Russell, R R )},
	number = 4,
	pages = {882-888},
	title = {Will the Real Elasticity of Substitution Please Stand Up? (A Comparison of the Allen/Uzawa and Morishima Elasticities)},
	url = {http://www.jstor.org/stable/10.2307/1827940},
	urldate = {29/01/14},
	volume = 79,
	year = 1989
}

@article{Bodenheimer1999b,
	author = {Bodenheimer, Thomas and Lo, Bernard and Casalino, L},
	booktitle = {JAMA: the journal of the …},
	journal = {JAMA: the journal of the …},
	title = {Primary care physicians should be coordinators, not gatekeepers},
	url = {http://jama.ama-assn.org/content/281/21/2045.short},
	urldate = {15/04/13},
	year = 1999
}

@article{Breyer1987147,
	author = {Breyer, Friedrich},
	booktitle = {Journal of Health Economics},
	issn = {0167-6296},
	journal = {Journal of Health Economics},
	number = 2,
	pages = {147-157},
	title = {The specification of a hospital cost function: A comment on the recent literature},
	url = {http://www.sciencedirect.com/science/article/pii/016762968790004X},
	volume = 6,
	year = 1987
}

@article{Britain1989,
	author = {Wolff, Nancy},
	isbn = 0277953618,
	keywords = {-professional},
	number = 2,
	pages = {99-107},
	title = {PROFESSIONAL UNCERTAINTY AND PHYSICIAN MEDICAL DECISION-MAKING IN A MULTIPLE TREATMENT FRAMEWORK},
	volume = 28,
	year = 1989
}

@article{Camerer1997Labor,
	author = {Camerer, Colin and Babcock, Linda and Loewenstein, George and Thaler, RH Richard H},
	booktitle = {The Quarterly Journal of Economics},
	issn = {1531-4650},
	journal = {The Quarterly Journal of Economics},
	number = 2,
	pages = {407-441},
	publisher = {Oxford University Press},
	title = {Labor Supply of New York City Cabdrivers: One Day at a Time},
	url = {http://dx.doi.org/10.1162/003355397555244},
	volume = 112,
	year = 1997
}

@article{Carlsen2000731,
	author = {Carlsen, Fredrik and Grytten, Jostein},
	booktitle = {Journal of Health Economics},
	issn = {0167-6296},
	journal = {Journal of Health Economics},
	keywords = { SID,Physicians},
	number = 5,
	pages = {731-753},
	title = {Consumer satisfaction and supplier induced demand},
	url = {http://www.sciencedirect.com/science/article/pii/S0167629600000448},
	volume = 19,
	year = 2000
}

@article{Chaix-Couturier2000,
	author = {Chaix-Couturier, C and Durand-Zaleski, I and Jolly, D and Durieux, P},
	booktitle = {International journal for quality in health care : journal of the International Society for Quality in Health Care / ISQua},
	issn = {1353-4505},
	journal = {International journal for quality in health care : journal of the International Society for Quality in Health Care / ISQua},
	keywords = {Capitation Fee,Diagnosis-Related Groups,Fee-for-Service Plans,Fee-for-Service Plans: economics,Managed Care Programs,Managed Care Programs: economics,Physician Incentive Plans,Physician Incentive Plans: economics,Physician's Practice Patterns,Physician's Practice Patterns: economics,Reimbursement, Incentive},
	month = 4,
	number = 2,
	pages = {133-42},
	title = {Effects of financial incentives on medical practice: results from a systematic review of the literature and methodological issues.},
	url = {http://www.ncbi.nlm.nih.gov/pubmed/10830670},
	volume = 12,
	year = 2000
}

@article{Chang1996369,
	author = {Chang, Fwu-Ranq},
	booktitle = {Journal of Health Economics},
	issn = {0167-6296},
	journal = {Journal of Health Economics},
	keywords = {Absolute risk aversion},
	number = 3,
	pages = {369-376},
	title = {Uncertainty and investment in health},
	url = {http://www.sciencedirect.com/science/article/pii/0167629696000069},
	volume = 15,
	year = 1996
}

@article{ChristensenSzalanski1981Physicians,
	author = {Christensen-Szalanski, J J and Bushyhead, J B},
	booktitle = {Journal of experimental psychology. Human perception and performance},
	issn = {0096-1523},
	journal = {Journal of experimental psychology. Human perception and performance},
	month = 8,
	number = 4,
	pages = {928-935},
	title = {Physician's use of probabilistic information in a real clinical setting.},
	url = {http://view.ncbi.nlm.nih.gov/pubmed/6457103},
	volume = 7,
	year = 1981
}

@book{christiansen2002demand,
	author = {Christiansen, T and Lauridsen, J and Kamper-Jørgensen, F and Universitet, S},
	publisher = {Syddansk Universitet},
	title = {Demand for private health insurance and demand for health care by privately and non-privately insured in Denmark},
	year = 2002
}

@article{Cleeton1991,
	author = {{Burton A. Weisbrod}},
	booktitle = {Journal of economic litterature},
	journal = {Journal of economic litterature},
	number = 2,
	pages = {523-552},
	title = {An Care Quadrilemma : Essay on Technological Change , of Care , Quality and Insurance , Cost Containment},
	volume = 29,
	year = 1991
}

@article{Cochrane2005a,
	author = {Cochrane, John H JH},
	title = {Writing Tips for Ph . D . Students},
	url = {http://mayoral.iae-csic.org/timeseries\_bgse13/phd\_paper\_writing.pdf},
	urldate = {03/10/13},
	year = 2005
}

@article{Crew1969a,
	author = {Crew, M},
	booktitle = {The American Economic Review},
	journal = {The American Economic Review},
	number = 5,
	pages = {906-908},
	title = {Coinsurance and the welfare economics of medical care},
	url = {http://www.jstor.org/stable/10.2307/1810685},
	urldate = {15/04/13},
	volume = 59,
	year = 1969
}

@article{DeJaegher2000231,
	author = {Jaegher, Kris De and Jegers, Marc},
	booktitle = {Journal of Health Economics},
	issn = {0167-6296},
	journal = {Journal of Health Economics},
	keywords = {Welfare economics},
	number = 2,
	pages = {231-258},
	title = {A model of physician behaviour with demand inducement},
	url = {http://www.sciencedirect.com/science/article/pii/S0167629699000296},
	volume = 19,
	year = 2000
}

@article{DeJanvry1972,
	author = {De Janvry, A},
	booktitle = {American Journal of Agricultural Economics},
	journal = {American Journal of Agricultural Economics},
	pages = {234-237},
	title = {The Generalized Power Production Function},
	volume = 54,
	year = 1972
}

@article{DeJong2003,
	author = {de Jong, Judith D and Groenewegen, Peter P and Westert, Gert P},
	booktitle = {Social Science \& Medicine},
	issn = 02779536,
	journal = {Social Science \& Medicine},
	keywords = {general practitioner,partnership,practice style,the netherlands,variation},
	month = 10,
	number = 8,
	pages = {1515-1524},
	title = {Mutual influences of general practitioners in partnerships},
	url = {http://linkinghub.elsevier.com/retrieve/pii/S0277953602005488},
	urldate = {23/03/13},
	volume = 57,
	year = 2003
}

@article{Derivatives,
	author = {Derivatives, Partial},
	pages = {117-134},
	title = {Partial Differentiation}
}

@article{donaldson1989paying,
	author = {Donaldson, C and Gerard, K},
	booktitle = {The Journal of the Royal College of General Practitioners},
	journal = {The Journal of the Royal College of General Practitioners},
	number = 320,
	pages = 114,
	publisher = {Royal College of General Practitioners},
	title = {Paying general practitioners: shedding light on the review of health services.},
	volume = 39,
	year = 1989
}

@article{Dutta2011a,
	author = {Dutta, Antara},
	booktitle = {The Review of Economics and Statistics},
	isbn = {10.1162/REST\_a\_00056},
	journal = {The Review of Economics and Statistics},
	month = 1,
	number = {February},
	pages = {160-178},
	publisher = {The MIT Press},
	title = {From free entry to patent protection: Welfare implications for the Indian pharmaceutical industry},
	url = {http://www.mitpressjournals.org/doi/abs/10.1162/REST\_a\_00056\#.U380UvmSzSY http://www.mitpressjournals.org/doi/abs/10.1162/REST\_a\_00056},
	urldate = {23/05/14},
	volume = 93,
	year = 2011
}

@book{Econometrica2014,
	author = {Arrow, KJ and Blackwell, David and Girshick, MA},
	number = 3,
	pages = {213-244},
	title = {Bayes and minimax solutions of sequential decision problems},
	url = {http://cowles.econ.yale.edu/P/cp/p00a/p0040.pdf},
	urldate = {02/06/14},
	volume = 17,
	year = 1948
}

@article{Engstrom2001,
	author = {Engström, S and Foldevi, M and Borgquist, L},
	booktitle = {Scandinavian journal of primary health care},
	issn = {0281-3432},
	journal = {Scandinavian journal of primary health care},
	keywords = {Cost-Benefit Analysis,Family Practice,Family Practice: economics,Family Practice: organization \& administration,Family Practice: standards,Health Care Costs,Health Care Rationing,Humans,Quality of Health Care,Sweden,Treatment Outcome},
	month = 6,
	number = 2,
	pages = {131-44},
	title = {Is general practice effective? A systematic literature review.},
	url = {http://www.ncbi.nlm.nih.gov/pubmed/11482415},
	volume = 19,
	year = 2001
}

@article{Escarce1998129,
	author = {Escarce, José J and Pauly, Mark V},
	booktitle = {Journal of Health Economics},
	issn = {0167-6296},
	journal = {Journal of Health Economics},
	keywords = {Economies of scale},
	number = 2,
	pages = {129-151},
	title = {Physician opportunity costs in physician practice cost functions},
	url = {http://www.sciencedirect.com/science/article/pii/S0167629697000301},
	volume = 17,
	year = 1998
}

@article{ForeningenafSpeciallæger2008,
	author = {{Foreningen af Speciallæger}},
	title = {Omkostnings- og indtjeningsundersøgelse af speciallægepraksis 2008},
	year = 2008
}

@article{Frank2004,
	author = {G, Frank Richard},
	booktitle = {Chemistry \& …},
	journal = {Chemistry \& …},
	month = 11,
	pages = {1-39},
	title = {BEHAVIORAL ECONOMICS AND HEALTH ECONOMICS},
	url = {http://onlinelibrary.wiley.com/doi/10.1002/cbdv.200490137/abstract http://www.nber.org/papers/w10881},
	urldate = {25/03/13},
	year = 2004
}

@article{Gabel1985b,
	author = {Gabel, J R and Rice, Thomas},
	booktitle = {Journal of health politics, policy and law},
	issn = {0361-6878},
	journal = {Journal of health politics, policy and law},
	keywords = {Cost Control,Fee Schedules,Health Expenditures,Health Services Accessibility,Health Services Accessibility: economics,Humans,Insurance, Health, Reimbursement,Insurance, Physician Services,Medicaid,Medicare,North Carolina,Primary Health Care,Primary Health Care: economics,United States},
	month = 1,
	number = 4,
	pages = {595-609},
	title = {Reducing public expenditures for physician services: the price of paying less.},
	url = {http://www.ncbi.nlm.nih.gov/pubmed/3919082},
	volume = 9,
	year = 1985
}

@article{Gaynor1995Moral,
	annote = {From Duplicate 1 ( Moral Hazard and Risk Spreading in Partnerships - Gaynor, Martin; Gertler, Paul; Gay, Martin )},
	author = {Gertler, Paul and Gaynor, Martin},
	booktitle = {The RAND Journal of Economics},
	issn = 07416261,
	journal = {The RAND Journal of Economics},
	note = {From Duplicate 1 ( Moral Hazard and Risk Spreading in Partnerships - Gaynor, Martin; Gertler, Paul; Gay, Martin )},
	number = 4,
	pages = {591+},
	publisher = {RAND Corporation},
	title = {Moral Hazard and Risk Spreading in Partnerships},
	url = {http://dx.doi.org/10.2307/2556008 http://www.rand.org/pubs/reprints/RP516.html},
	urldate = {23/05/14},
	volume = 26,
	year = 1995
}

@article{Gaynor2006a,
	author = {Gaynor, Martin},
	institution = {National Bureau of Economic Research},
	number = 12301,
	school = {National Bureau of Economic Research},
	series = {Working Paper Series},
	title = {What Do We Know About Competition and Quality in Health Care Markets?},
	url = {http://www.nber.org/papers/w12301},
	urldate = {25/03/13},
	year = 2006
}

@article{gaynor2012can,
	author = {Gaynor, Martin and Moreno-Serra, R and Propper, C},
	booktitle = {Journal of Health Services Research \& Policy},
	journal = {Journal of Health Services Research \& Policy},
	number = {suppl 1},
	pages = {49-54},
	publisher = {Royal Society of Medicine Press Ltd},
	title = {Can competition improve outcomes in UK health care? Lessons from the past two decades},
	volume = 17,
	year = 2012
}

@article{gerdtham1999new,
	author = {Gerdtham, U G and Johannesson, M},
	booktitle = {Social science \& medicine},
	journal = {Social science \& medicine},
	number = 10,
	pages = {1325-1332},
	publisher = {Elsevier},
	title = {New estimates of the demand for health: results based on a categorical health measure and Swedish micro data},
	volume = 49,
	year = 1999
}

@article{Gravelle20001067,
	author = {Gravelle, Hugh and Masiero, Giuliano},
	booktitle = {Journal of Health Economics},
	issn = {0167-6296},
	journal = {Journal of Health Economics},
	keywords = {General practice},
	number = 6,
	pages = {1067-1088},
	title = {Quality incentives in a regulated market with imperfect information and switching costs: capitation in general practice},
	url = {http://www.sciencedirect.com/science/article/pii/S0167629600000606},
	volume = 19,
	year = 2000
}

@unpublished{Green,
	author = {Green, CP and Paniagua, MN},
	booktitle = {iza.org},
	journal = {iza.org},
	keywords = {absenteeism,anwen zhang,aydogan ulker,d04,drinking laws,gareth leeves,ian walker,j22,jel classification,john heywood,k32,labor supply,mirko draca,seminar participants at the,steve bradley,the authors would like,to thank silke anger,university of wisconsin-milwaukee and},
	title = {Play Hard, Shirk Hard? The Effect of Bar Hours Regulation on Absence},
	url = {http://www.iza.org/conference\_files/TAM2012/green\_c3422.pdf},
	urldate = {09/09/14}
}

@article{Green1978a,
	author = {Green, J},
	booktitle = {Journal of Human Resources},
	journal = {Journal of Human Resources},
	number = 0,
	pages = {21-34},
	title = {Physician-induced demand for medical care},
	url = {http://www.jstor.org/stable/10.2307/145246},
	urldate = {15/04/13},
	volume = 13,
	year = 1978
}

@article{Grossman2004629,
	annote = {Contains contributions from the Grossman Symposium},
	author = {Grossman, Michael},
	booktitle = {Journal of Health Economics},
	issn = {0167-6296},
	journal = {Journal of Health Economics},
	note = {Contains contributions from the Grossman Symposium},
	number = 4,
	pages = {629-636},
	title = {The demand for health, 30 years later: a very personal retrospective and prospective reflection},
	url = {http://www.sciencedirect.com/science/article/pii/S0167629604000566},
	volume = 23,
	year = 2004
}

@article{Grossman2013,
	author = {Grossman, Sanford J and Kihlstrom, Richard E and Mirman, Leonard J},
	number = 3,
	pages = {533-547},
	title = {Bayesian of Learning Approach By Doing to the Production Information and},
	volume = 44,
	year = 1977
}

@article{Grytten1995207,
	author = {Grytten, Jostein and Carlsen, Fredrik and Sørensen, Rune},
	booktitle = {Journal of Health Economics},
	issn = {0167-6296},
	journal = {Journal of Health Economics},
	keywords = { SID,Behaviour model},
	number = 2,
	pages = {207-229},
	title = {Supplier inducement in a public health care system},
	url = {http://www.sciencedirect.com/science/article/pii/0167629694000364},
	volume = 14,
	year = 1995
}

@article{Grytten2001379,
	author = {Grytten, Jostein and Sørensen, Rune},
	booktitle = {Journal of Health Economics},
	issn = {0167-6296},
	journal = {Journal of Health Economics},
	keywords = { SID,Professional norms},
	number = 3,
	pages = {379-393},
	title = {Type of contract and supplier-induced demand for primary physicians in Norway},
	url = {http://www.sciencedirect.com/science/article/pii/S0167629600000874},
	volume = 20,
	year = 2001
}

@article{Gyldmark20011023,
	author = {Gyldmark, Marlene and Morrison, Gwendolyn C},
	booktitle = {Social Science and Medicine},
	issn = {0277-9536},
	journal = {Social Science and Medicine},
	keywords = {Denmark},
	number = 8,
	pages = {1023-1036},
	title = {Demand for health care in Denmark: results of a national sample survey using contingent valuation},
	url = {http://www.sciencedirect.com/science/article/pii/S0277953600003981},
	volume = 53,
	year = 2001
}

@article{Hausman19991299,
	author = {Hausman, Dan and Grand, Julian Le},
	booktitle = {Social Science \&amp; Medicine},
	issn = {0277-9536},
	journal = {Social Science \&amp; Medicine},
	keywords = {GPs},
	number = 10,
	pages = {1299-1307},
	title = {Incentives and health policy: primary and secondary care in the British National Health Service},
	url = {http://www.sciencedirect.com/science/article/pii/S027795369900204X},
	volume = 49,
	year = 1999
}

@article{Hayek1945a,
	author = {Hayek, FA},
	booktitle = {The American economic review},
	journal = {The American economic review},
	number = 4,
	pages = {519-530},
	title = {The use of knowledge in society},
	url = {http://www.jstor.org/stable/10.2307/1809376},
	urldate = {22/05/13},
	volume = 35,
	year = 1945
}

@article{Hennig-Schmidt2011,
	author = {Hennig-Schmidt, Heike and Selten, Reinhard and Wiesen, Daniel},
	booktitle = {Journal of Health Economics},
	journal = {Journal of Health Economics},
	keywords = {capitation fee,capitation fee statistics \& numerical data,choice behavior,fee service plans,fee service plans economics,fee service plans statistics \& numerical data,health services misuse,health services misuse economics,health services misuse statistics \& numerical dat,humans,physician incentive plans,physician incentive plans economics,physician s practice patterns,physician s practice patterns economics,physician s practice patterns statistics \& numeri},
	number = 4,
	pages = {637-646},
	publisher = {Bonn Econ Discussion Papers},
	title = {How payment systems affect physicians' provision behaviour-An experimental investigation.},
	url = {http://www.ncbi.nlm.nih.gov/pubmed/21683460},
	volume = 30,
	year = 2011
}

@article{Hirshleifer2013,
	author = {Hirshleifer, Jack},
	booktitle = {The American Economic Review},
	journal = {The American Economic Review},
	number = 4,
	pages = {561-574},
	title = {The Private and Social Value of Information and the Reward to Inventive Activity},
	url = {http://www.jstor.org/stable/10.2307/1811850},
	urldate = {13/05/13},
	volume = 61,
	year = 1971
}

@article{Holmstrom1979,
	author = {Hölmstrom, B},
	booktitle = {The Bell Journal of Economics},
	journal = {The Bell Journal of Economics},
	number = 1,
	pages = {74-91},
	title = {Moral hazard and observability},
	url = {http://www.jstor.org/stable/10.2307/3003320},
	urldate = {11/07/13},
	volume = 10,
	year = 1979
}

@article{Holmstrom1991a,
	author = {Holmstrom, B and Milgrom, P},
	booktitle = {JL Econ. \& Org.},
	journal = {JL Econ. \& Org.},
	number = {January 1991},
	pages = {24-52},
	title = {Multitask principal-agent analyses: Incentive contracts, asset ownership, and job design},
	url = {http://heinonlinebackup.com/hol-cgi-bin/get\_pdf.cgi?handle=hein.journals/jleo7\&section=31},
	urldate = {15/04/13},
	volume = 7,
	year = 1991
}

@article{Houle2012b,
	author = {Houle, Sherilyn K D and McAlister, Finlay a and Jackevicius, Cynthia a and Chuck, Anderson W and Tsuyuki, Ross T},
	booktitle = {Annals of internal medicine},
	issn = {1539-3704},
	journal = {Annals of internal medicine},
	keywords = {Clinical Trials as Topic,Great Britain,Health Care Costs,Humans,Primary Health Care,Primary Health Care: economics,Primary Health Care: standards,Quality of Health Care,Quality of Health Care: economics,Reimbursement, Incentive,Research Design,United States},
	month = 12,
	number = 12,
	pages = {889-99},
	title = {Does performance-based remuneration for individual health care practitioners affect patient care?: a systematic review.},
	url = {http://www.ncbi.nlm.nih.gov/pubmed/23247940},
	volume = 157,
	year = 2012
}

@article{Is2011,
	author = {Starfield, Barbara},
	pages = {1129-1133},
	title = {Primary Care},
	year = 2011
}

@article{Iversen2000447,
	author = {Iversen, Tor and Lurås, Hilde},
	booktitle = {Journal of Economic Behavior and Organization},
	issn = {0167-2681},
	journal = {Journal of Economic Behavior and Organization},
	keywords = { SID,Service provision},
	number = 4,
	pages = {447-470},
	title = {Economic motives and professional norms: the case of general medical practice},
	url = {http://www.sciencedirect.com/science/article/pii/S016726810000130X},
	volume = 43,
	year = 2000
}

@article{Jonsson2005,
	author = {Jönsson, B and Carides, GW and Burke, TA},
	booktitle = {… of hypertension},
	journal = {… of hypertension},
	keywords = {cost effectiveness,quality-adjusted life years,stroke,survival},
	number = {Mi},
	pages = {1425-1431},
	title = {Cost effectiveness of losartan in patients with hypertension and LVH: an economic evaluation for Sweden of the LIFE trial},
	url = {http://scholar.google.com/scholar?hl=en\&btnG=Search\&q=intitle:Cost+effectiveness+of+losartan+in+patients+with+hypertension+and+LVH+:+an+economic+evaluation+for+Sweden+of+the+LIFE+trial\#0 http://scholar.google.com/scholar?hl=en\&btnG=Search\&q=intitle:Cost+effectiveness+of+losartan+in+patients+with+hypertension+and+LVH:+an+economic+evaluation+for+Sweden+of+the+LIFE+trial\#0},
	urldate = {27/11/13},
	year = 2005
}

@article{Karlin1956a,
	author = {Karlin, S and Rubin, H},
	booktitle = {The Annals of Mathematical Statistics},
	journal = {The Annals of Mathematical Statistics},
	number = 2,
	pages = {272-299},
	title = {The theory of decision procedures for distributions with monotone likelihood ratio},
	url = {http://www.jstor.org/stable/2236994},
	urldate = {18/06/14},
	volume = 27,
	year = 1956
}

@article{Kenkel:1990fk,
	author = {Kenkel, Don},
	booktitle = {The Review of Economics and Statistics},
	issn = 00346535,
	journal = {The Review of Economics and Statistics},
	keywords = {SID},
	number = 4,
	pages = {pp. 587-595},
	publisher = {The MIT Press},
	title = {Consumer Health Information and the Demand for Medical Care},
	url = {http://www.jstor.org/stable/2109598},
	volume = 72,
	year = 1990
}

@article{Kihlstrom1974a,
	author = {Kihlstrom, Richard E},
	booktitle = {Journal of Economic Theory},
	issn = 00220531,
	journal = {Journal of Economic Theory},
	month = 8,
	number = 4,
	pages = {413-439},
	title = {A general theory of demand for information about product quality},
	url = {http://dx.doi.org/10.1016/0022-0531(74)90019-2 http://linkinghub.elsevier.com/retrieve/pii/0022053174900192},
	urldate = {14/05/14},
	volume = 8,
	year = 1974
}

@article{Kjær2005,
	author = {Kjær, Niels Kristian and Jepsen, Kristian L. and Ruwald, Steen and Jepsen, Nis P. and Nielsen, Hanne Hynding},
	booktitle = {Ugeskr Læger},
	journal = {Ugeskr Læger},
	number = {November},
	pages = {4461-4465},
	title = {E-mail-kommunikation i almen praksis},
	url = {http://www.felsted-data.dk/wp-content/uploads/Images/e-mailkomm.pdf},
	urldate = {22/04/13},
	year = 2005
}

@article{krasnik1991general,
	author = {Krasnik, Allan and Scholten, P V and Damsgaard, M T},
	booktitle = {Scandinavian Journal of Primary Health Care},
	journal = {Scandinavian Journal of Primary Health Care},
	keywords = { SID, Supply, supplier-induced demand,remuneration system},
	number = 2,
	pages = {83-87},
	publisher = {Informa UK Ltd UK},
	title = {General practitioners' attitudes to a recent change in their remuneration system},
	volume = 9,
	year = 1991
}

@article{Labelle1994347,
	author = {Labelle, Roberta and Stoddart, Greg and Rice, Thomas},
	booktitle = {Journal of Health Economics},
	issn = {0167-6296},
	journal = {Journal of Health Economics},
	keywords = {Decision Making,Econometric,Health Services Misuse,Health Services Needs and Demand,Health Services Needs and Demand: economics,Health Services Needs and Demand: statistics \& num,Health Services Research,Health Services Research: methods,Inducement,Models,Organizational,Outcome Assessment (Health Care),Outcome Assessment (Health Care): statistics \& num,Physician's Role,Policy Making,SID,United States,Utilization Review,Utilization Review: statistics \& numerical data},
	month = 10,
	number = 3,
	pages = {347-368},
	title = {A re-examination of the meaning and importance of supplier-induced demand},
	url = {http://www.sciencedirect.com/science/article/pii/0167629694900361 http://www.ncbi.nlm.nih.gov/pubmed/10140535},
	volume = 13,
	year = 1994
}

@article{McGeady2008,
	author = {McGeady, David and Kujala, Jaakko and Ilvonen, Karita},
	booktitle = {International journal of medical informatics},
	issn = {1386-5056},
	journal = {International journal of medical informatics},
	keywords = {Delivery of Health Care,Electronic Mail,Finland,Humans,Internet,Physician-Patient Relations},
	month = 1,
	number = 1,
	pages = {17-23},
	title = {The impact of patient-physician web messaging on healthcare service provision.},
	url = {http://www.ncbi.nlm.nih.gov/pubmed/17188564},
	urldate = {15/04/13},
	volume = 77,
	year = 2008
}

@article{McGuire1959,
	author = {McGuire, CB},
	title = {Comparisons of information structures},
	url = {http://ideas.repec.org/p/cwl/cwldpp/71.html},
	urldate = {10/06/13},
	year = 1959
}

@article{McGuire1991,
	author = {McGuire, Thomas G and Pauly, Mark V},
	booktitle = {Journal of Health Economics},
	issn = 01676296,
	journal = {Journal of Health Economics},
	month = 1,
	number = 4,
	pages = {385-410},
	title = {Physician response to fee changes with multiple payers},
	url = {http://www.sciencedirect.com/science/article/pii/016762969190022F},
	urldate = {23/05/14},
	volume = 10,
	year = 1991
}

@incollection{McGuire2000,
	author = {McGuire, Thomas G},
	booktitle = {Handbook of Health Economics},
	chapter = 9,
	issn = {1574-0064},
	journal = {Handbook of Health Economics},
	keywords = {agency,monopolistic competition,quantity-setting},
	pages = {461-536},
	publisher = {Elsevier},
	title = {Physician agency},
	url = {http://www.sciencedirect.com/science/article/pii/S1574006400801687},
	volume = {1, Part A},
	year = 2000
}

@incollection{McGuire2008,
	author = {McGuire, TG},
	booktitle = {Incentives and choice in health care},
	chapter = 10,
	journal = {Incentives and choice in health care},
	pages = {280-305},
	title = {Physician Fees and Behavior: Implications for Structuring a Fee Schedule},
	url = {http://books.google.com/books?hl=en\&lr=\&id=pCk3AgAAQBAJ\&oi=fnd\&pg=PA263\&dq=physician+fees+and+behavior:+implication+for+structuring+a+fee+schedule\&ots=xlYGh-wap2\&sig=rIWW1wEmmdwvGVNciQTtnYIIXz4 http://books.google.com/books?hl=en\&lr=\&id=pCk3AgAAQBAJ\&oi=fnd\&pg=PA263\&dq=physician+fees+and+behavior:+implication+for+structuring+a+fee+schedule\&ots=xlYGh-waq0\&sig=Dw3YjY3XpXZ5Um3udVCIXTcuBMU},
	urldate = {13/08/14},
	year = 2008
}

@article{MichaelVonKorffEdwardH.Wagner1992,
	author = {Michael Von Korff, Edward H. Wagner, Kathleen Saunders},
	booktitle = {Journal of Clinical Epidemiology},
	journal = {Journal of Clinical Epidemiology},
	number = 2,
	pages = {197-203},
	title = {A chronic disease score from automated pharmacy data},
	url = {http://www.sciencedirect.com/science/article/pii/089543569290016G},
	urldate = {06/11/13},
	volume = 45,
	year = 1992
}

@article{Miller2014,
	author = {Miller, Amalia R. and Tucker, Catherine E.},
	booktitle = {The Journal of Political Economy},
	issn = 00223808,
	journal = {The Journal of Political Economy},
	month = 4,
	number = 2,
	pages = {289-324},
	publisher = {University of Chicago PressChicago, IL},
	title = {Can Health Care Information Technology Save Babies?},
	url = {http://www.jstor.org/stable/10.1086/660083},
	urldate = {23/05/14},
	volume = 119,
	year = 2011
}

@book{Moeschberger1972a,
	author = {Moeschberger, M. L. and Ash, Robert B.},
	booktitle = {Technometrics},
	isbn = 9780486466286,
	issn = 00401706,
	journal = {Technometrics},
	month = 11,
	number = 4,
	pages = 983,
	title = {Basic Probability Theory},
	url = {http://www.jstor.org/stable/1267154?origin=crossref},
	volume = 14,
	year = 1972
}

@article{Mulley:2009fk,
	author = {Mulley, Albert G},
	booktitle = {BMJ},
	journal = {BMJ},
	keywords = {SID},
	pages = {1-7},
	title = {Inconvenient truths about supplier induced demand and unwarranted variation in medical practice},
	volume = 339,
	year = 2009
}

@book{Name2012a,
	author = {Lehmann, EL and Romano, Joseph P.},
	booktitle = {Book},
	isbn = 0387988645,
	journal = {Book},
	pages = {3-8},
	title = {Testing Statistical Hypotheses},
	url = {http://www.worldcat.org/isbn/0387988645},
	year = 2012
}

@article{Nielsen2013a,
	author = {Nielsen, TH},
	keywords = {1353 copenhagen,building 26,denmark,department of economic,hospital records,mortality,self-rated health,university of copenhagen,øster farimagsgade 5},
	pages = {0-31},
	title = {The Relationship between Self-rated Health and Hospital Records},
	url = {http://www.eale.nl/Conference2013/program/Parallel session D/D05\_Nielsen\_revised.pdf},
	urldate = {10/09/13},
	year = 2013
}

@article{O'Donnell2000,
	author = {O'Donnell, C a},
	booktitle = {Family practice},
	issn = {0263-2136},
	journal = {Family practice},
	keywords = {Decision Making,Family Practice,Family Practice: statistics \& numerical data,Female,Great Britain,Humans,Male,Physician's Practice Patterns,Physician's Practice Patterns: statistics \& numeri,Referral and Consultation,Referral and Consultation: statistics \& numerical ,Referral and Consultation: utilization,Social Class},
	month = 12,
	number = 6,
	pages = {462-71},
	title = {Variation in GP referral rates: what can we learn from the literature?},
	url = {http://www.ncbi.nlm.nih.gov/pubmed/11120716},
	volume = 17,
	year = 2000
}

@article{oaxaca1981,
	author = {Auster, Richard D and Oaxaca, Ronald L},
	booktitle = {The Journal of Human Resources},
	issn = {0022166X},
	journal = {The Journal of Human Resources},
	keywords = {SID},
	number = 3,
	pages = {pp. 327-342},
	publisher = {University of Wisconsin Press},
	title = {Identification of Supplier Induced Demand in the Health Care Sector},
	url = {http://www.jstor.org/stable/145624},
	volume = 16,
	year = 1981
}

@article{pauly1981pricing,
	author = {Pauly, Mark V and Satterthwaite, MA A},
	booktitle = {The Bell Journal of Economics},
	journal = {The Bell Journal of Economics},
	number = 2,
	pages = {488-506},
	publisher = {JSTOR},
	title = {The pricing of primary care physicians services: a test of the role of consumer information},
	url = {http://www.jstor.org/stable/10.2307/3003568},
	urldate = {25/03/13},
	volume = 12,
	year = 1981
}

@article{Pauly20081407,
	author = {Pauly, Mark V and Blavin, Fredric E},
	booktitle = {Journal of Health Economics},
	issn = {0167-6296},
	journal = {Journal of Health Economics},
	keywords = {Value-based cost sharing},
	number = 6,
	pages = {1407-1417},
	title = {Moral hazard in insurance, value-based cost sharing, and the benefits of blissful ignorance},
	url = {http://www.sciencedirect.com/science/article/pii/S0167629608000878},
	volume = 27,
	year = 2008
}

@misc{PraktiserendeLægersOrganisation2010,
	author = {{Praktiserende Lægers Organisation} and {Regionernes Takst og Lønningsnævn}},
	publisher = {PLO},
	title = {Overnskomst om almen praksis},
	url = {http://www.laeger.dk/portal/page/portal/LAEGERDK/Laegerdk/P\_L\_O/Overenskomster/OE 01-04-2011/Indhold - OE 01-04-2011/overenskomst om almen praksis 01-04-2011.pdf},
	year = 2010
}

@techreport{PraktiserendeLægersOrganisation2010a,
	author = {{Praktiserende Lægers Organisation}},
	institution = {Praktiserende Lægers Organisation},
	number = {november},
	school = {Praktiserende Lægers Organisation},
	title = {PLO's omkostningsundersøgelse 2009. 1.},
	year = 2010
}

@article{propper1998effects,
	author = {Propper, C and Wilson, D and Söderlund, N},
	booktitle = {Journal of Health Economics},
	journal = {Journal of Health Economics},
	number = 6,
	pages = {645-673},
	publisher = {Elsevier},
	title = {The effects of regulation and competition in the NHS internal market: the case of general practice fundholder prices},
	volume = 17,
	year = 1998
}

@article{QuahJohnK.-H.andStrulovici2009,
	author = {Quah, John K.-H. and Strulovici, Bruno},
	booktitle = {Econometrica},
	issn = {0012-9682},
	journal = {Econometrica},
	number = 6,
	pages = {1949-1992},
	title = {Comparative Statics, Informativeness, and the Interval Dominance Order},
	url = {http://doi.wiley.com/10.3982/ECTA7583},
	urldate = {17/06/14},
	volume = 77,
	year = 2009
}

@article{Reinhardt1985187,
	author = {Reinhardt, U I E},
	booktitle = {Journal of Health Economics},
	issn = {0167-6296},
	journal = {Journal of Health Economics},
	keywords = {SID},
	number = 2,
	pages = {187-193},
	title = {The theory of physician-induced demand reflections after a decade},
	url = {http://www.sciencedirect.com/science/article/pii/0167629685900086},
	volume = 4,
	year = 1985
}

@article{rice1983impact,
	author = {Rice, Thomas},
	booktitle = {Medical care},
	issn = {0025-7079},
	journal = {Medical care},
	keywords = {Colorado,Health,Health Services Needs and Demand,Health Services Needs and Demand: economics,Health Services Research,Health Services Research: economics,Insurance,Medicare,Medicare: economics,Models,Physician's Role,Professional Practice,Professional Practice: economics,Regression Analysis,Reimbursement,Reimbursement: trends,Role,SID,Theoretical,United States},
	month = 8,
	number = 8,
	pages = {803-15},
	publisher = {JSTOR},
	title = {The impact of changing medicare reimbursement rates on physician-induced demand.},
	url = {http://www.ncbi.nlm.nih.gov/pubmed/6350746},
	volume = 21,
	year = 1983
}

@unpublished{schmid2012identification,
	annote = {Working paper},
	author = {Schmid, C},
	note = {Working paper},
	title = {Identification of Supplier-induced Demand What kind of consumer information matters?},
	year = 2012
}

@article{Schwartz1988,
	author = {van der Kam, W.J. and Moorman, P.W. and Koppejan-Mulder, M.J. and Schwartz, JB B and Akin, JS S and Popkin, BM M},
	booktitle = {International Journal of Medical Informatics},
	journal = {International Journal of Medical Informatics},
	keywords = {Computer communication networks,Electronic communication,Family practice,GP,General practitioner,asia,delivery,delivery health care,developing countries,economic factors,health,health facilities,health personnel,health services,income,marketing,maternal child health services,maternal health services,midwives,philippines,policy,pregnancy,pregnancy outcomes,pricing,primary health care,reproduction,social policy,socioeconomic factors,southeastern asia},
	number = 1,
	pages = {59-70},
	title = {Effects of electronic communication in general practice},
	url = {http://wber.oxfordjournals.org/content/2/1/49.short http://www.ncbi.nlm.nih.gov/pubmed/12282273 http://www.sciencedirect.com/science/article/pii/S1386505600000964},
	urldate = {20/09/13},
	volume = 60,
	year = 1988
}

@article{Scott,
	author = {Scott, Anthony and Shiell, Alan},
	booktitle = {Journal of Health Economics},
	issn = 01676296,
	journal = {Journal of Health Economics},
	number = 3,
	pages = {323-342},
	title = {Do fee descriptors influence treatment choices in general practice? A multilevel discrete choice model},
	url = {http://dx.doi.org/10.1016/S0167-6296(96)00520-6},
	volume = 16,
	year = 1997
}

@article{Scott1995Evaluating,
	author = {Scott, Anthony and Hall, Jane},
	booktitle = {Health Policy},
	issn = 01688510,
	journal = {Health Policy},
	number = 3,
	pages = {183-195},
	title = {Evaluating the effects of GP remuneration: problems and prospects},
	url = {http://dx.doi.org/10.1016/0168-8510(94)00697-D},
	volume = 31,
	year = 1995
}

@article{Sinclair-Desgagne2001,
	author = {Sinclair-Desgagné, B and Series, Scientific},
	booktitle = {CIRANO Working Papers},
	journal = {CIRANO Working Papers},
	keywords = {Commen Agency},
	pages = 8,
	title = {Incentives in common agency},
	url = {http://ideas.repec.org/p/cir/cirwor/2001s-66.html},
	urldate = {26/03/13},
	volume = 1,
	year = 2001
}

@article{Society2013,
	author = {Radner, Roy},
	booktitle = {Econometrica: Journal of the Econometric Society},
	journal = {Econometrica: Journal of the Econometric Society},
	number = 5,
	pages = {1173-1198},
	title = {Repeated Principal-Agent Games with Discounting},
	volume = 53,
	year = 2013
}

@article{springerlink:10.1007/s10198-007-0084-z,
	annote = {10.1007/s10198-007-0084-z},
	author = {Nyman, John},
	booktitle = {The European Journal of Health Economics},
	issn = {1618-7598},
	journal = {The European Journal of Health Economics},
	keywords = {moral hazard},
	note = {10.1007/s10198-007-0084-z},
	number = 4,
	pages = {369-380},
	publisher = {Springer Berlin / Heidelberg},
	title = {Health insurance theory: the case of the missing welfare gain},
	url = {http://dx.doi.org/10.1007/s10198-007-0084-z},
	volume = 9,
	year = 2008
}

@article{Staiger1997,
	author = {Staiger, Douglas O and Stock, James H JH},
	booktitle = {Econometrica},
	isbn = {0012-9682},
	issn = 00129682,
	journal = {Econometrica},
	keywords = {overidentification tests},
	month = 5,
	number = 3,
	pages = {557-586},
	title = {Instrumental variables regression with weak instruments},
	url = {http://www.nber.org/papers/t0151 http://www.jstor.org/stable/2171753?origin=crossref},
	urldate = {13/12/13},
	volume = 65,
	year = 1994
}

@article{tarrant2004models,
	author = {Tarrant, C and Stokes, T and Colman, A M},
	booktitle = {Quality and Safety in Health Care},
	issn = {1475-3898},
	journal = {Quality and Safety in Health Care},
	month = 12,
	number = 6,
	pages = {461-466},
	publisher = {BMJ Publishing Group Ltd},
	title = {Models of the medical consultation: opportunities and limitations of a game theory perspective},
	url = {http://qualitysafety.bmj.com/lookup/doi/10.1136/qshc.2003.008417},
	urldate = {23/03/13},
	volume = 13,
	year = 2004
}

@article{Teljeur2011Spatial,
	author = {Teljeur, Conor and Kelly, Alan and O'Dowd, Tom},
	booktitle = {International journal of family medicine},
	issn = {2090-2050},
	journal = {International journal of family medicine},
	title = {Spatial variation in general medical services income in dublin general practitioners.},
	url = {http://dx.doi.org/10.1155/2011/971231},
	volume = 2011,
	year = 2011
}

@article{van1992patients,
	author = {van de Kar, A and Knottnerus, A and Meertens, R and Dubois, V and Kok, G},
	booktitle = {The British Journal of General Practice},
	journal = {The British Journal of General Practice},
	number = 361,
	pages = 313,
	publisher = {Royal College of General Practitioners},
	title = {Why do patients consult the general practitioner? Determinants of their decision.},
	volume = 42,
	year = 1992
}

@article{VandenBerg2009,
	author = {van den Berg, Michael J and de Bakker, Dinny H and Westert, Gert P and van der Zee, Jouke and Groenewegen, Peter P},
	booktitle = {BMC health services research},
	issn = {1472-6963},
	journal = {BMC health services research},
	keywords = {Aged,Decision Making,Female,Health Services Accessibility,Humans,Male,Middle Aged,National Health Programs,Netherlands,Physicians, Family,Physicians, Family: economics,Questionnaires,Referral and Consultation,Reimbursement Mechanisms,Waiting Lists},
	month = 1,
	pages = 39,
	title = {Do list size and remuneration affect GPs' decisions about how they provide consultations?},
	url = {http://www.pubmedcentral.nih.gov/articlerender.fcgi?artid=2654894\&tool=pmcentrez\&rendertype=abstract},
	urldate = {15/04/13},
	volume = 9,
	year = 2009
}

@article{vanderWeijden2002Understanding,
	author = {van der Weijden, Trudy and van Bokhoven, Marloes A and Dinant, Geert-Jan J and van Hasselt, Cathelijne M and Grol, Richard P T M},
	booktitle = {The British journal of general practice : the journal of the Royal College of General Practitioners},
	issn = {0960-1643},
	journal = {The British journal of general practice : the journal of the Royal College of General Practitioners},
	keywords = {Adult,Attitude of Health Personnel,Attitude to Health,Clinical Laboratory Techniques,Clinical Laboratory Techniques: utilization,Continuity of Patient Care,Family,Family: psychology,Family: statistics \& numerical data,Female,Humans,Interprofessional Relations,Male,Middle Aged,Motivation,Netherlands,Physician's Practice Patterns,Physician's Practice Patterns: statistics \& numeri,Physician-Patient Relations,Physicians,Referral and Consultation,Referral and Consultation: utilization,Uncertainty,Unnecessary Procedures,uncertianty},
	month = 12,
	number = 485,
	pages = {974-80},
	title = {Understanding laboratory testing in diagnostic uncertainty: a qualitative study in general practice.},
	url = {http://www.pubmedcentral.nih.gov/articlerender.fcgi?artid=1314466\&tool=pmcentrez\&rendertype=abstract http://www.ncbi.nlm.nih.gov/pmc/articles/PMC1314466/},
	volume = 52,
	year = 2002
}

@article{Vick1998587,
	author = {Vick, Sandra and Scott, Anthony},
	booktitle = {Journal of Health Economics},
	issn = {0167-6296},
	journal = {Journal of Health Economics},
	keywords = { agency,Random effects probit},
	number = 5,
	pages = {587-605},
	title = {Agency in health care. Examining patients' preferences for attributes of the doctor--patient relationship},
	url = {http://www.sciencedirect.com/science/article/pii/S0167629697000350},
	volume = 17,
	year = 1998
}

@article{Viscusi1980a,
	author = {Viscusi, WK},
	booktitle = {The Quarterly Journal of Economics},
	journal = {The Quarterly Journal of Economics},
	title = {A theory of job shopping: A Bayesian perspective},
	url = {http://www.jstor.org/stable/1884587},
	urldate = {27/05/14},
	year = 1980
}

@article{wedig1993ramsey,
	author = {Wedig, G J},
	booktitle = {Journal of health economics},
	journal = {Journal of health economics},
	number = 4,
	pages = {365-384},
	publisher = {Elsevier},
	title = {Ramsey pricing and supply-side incentives in physician markets},
	volume = 12,
	year = 1993
}

@misc{WHO,
	author = {WHO},
	title = {WHO definition of Health},
	url = {http://www.who.int/about/definition/en/print.html},
	urldate = {01/05/14}
}

@article{wirick1966multiple,
	author = {Wirick Jr, G C and Wirick, G C},
	booktitle = {Health Services Research},
	issn = {0017-9124},
	journal = {Health Services Research},
	keywords = {Community Health Services,Demand,Factor Analysis,Female,Hospitalization,Humans,Male,Statistical,United States,heatlh care},
	month = 1,
	number = 3,
	pages = 301,
	publisher = {Health Research \& Educational Trust},
	title = {A multiple equation model of demand for health care},
	url = {http://www.pubmedcentral.nih.gov/articlerender.fcgi?artid=1067346\&tool=pmcentrez\&rendertype=abstract},
	volume = 1,
	year = 1966
}

@article{Woodward1998a,
	author = {Woodward, R S and Schnitzler, M A and Kvols, L K},
	booktitle = {Health economics},
	issn = {1057-9230},
	journal = {Health economics},
	keywords = {Carcinoid Tumor,Carcinoid Tumor: radionuclide imaging,Carcinoid Tumor: secondary,Carcinoid Tumor: surgery,Cost Savings,Cost-Benefit Analysis,Decision Trees,Health Status,Humans,Liver Neoplasms,Liver Neoplasms: pathology,Models, Econometric,Octreotide,Octreotide: analogs \& derivatives,Octreotide: diagnostic use,Quality-Adjusted Life Years,Risk Factors,Treatment Outcome},
	month = 3,
	number = 2,
	pages = {149-60},
	title = {Reduced uncertainty as a diagnostic benefit: an initial assessment of somatostatic receptor scintigraphy's value in detecting distant metastases of carcinoid liver tumours.},
	url = {http://www.ncbi.nlm.nih.gov/pubmed/9565171},
	urldate = {13/05/13},
	volume = 7,
	year = 1998
}

@article{Yao1994a,
	author = {Yao, Xin and Darwen, PJ},
	booktitle = {Informatica},
	journal = {Informatica},
	pages = {156-159},
	title = {An experimental study of N-person iterated prisoner's dilemma games},
	url = {http://citeseerx.ist.psu.edu/viewdoc/summary?doi=10.1.1.76.8388},
	urldate = {18/04/13},
	year = 1994
}
