@book{Starfield1993Primary,
	author = {Starfield, Barbara},
	issn = 01975897,
	month = 1,
	number = 4,
	pages = 500,
	title = {Primary Care: Concept, Evaluation, and Policy},
	url = {http://works.swarthmore.edu/alum-books/232,http://www.jstor.org/stable/3342881?origin=crossref},
	volume = 14,
	year = 1993
}

@article{Emanuel1995Preserving,
	author = {Emanuel, E J and Dubler, N N},
	isbn = {0098-7484},
	issn = 00987484,
	keywords = {Analytical Approach,Empirical Approach,Health Care and Public Health,Professional Patient Relationship},
	month = 1,
	number = 4,
	pages = {323-329},
	title = {Preserving the physician-patient relationship in the era of managed care.},
	url = {http://www.ncbi.nlm.nih.gov/pubmed/7815662},
	volume = 273,
	year = 1995
}

@article{Weiss1996Faithful,
	author = {Weiss, L. J. and Blustein, J.},
	isbn = {0090-0036 (Print)\r0090-0036 (Linking)},
	issn = 00900036,
	keywords = {80 and over,Aged,Continuity of Patient Care,Continuity of Patient Care: economics,Female,Health Behavior,Health Services,Health Services: economics,Health Services: utilization,Hospitalization,Hospitalization: statistics \& numerical data,Humans,Male,Medicare,Multivariate Analysis,Office Visits,Office Visits: statistics \& numerical data,Physician-Patient Relations,Preventive Health Services,Preventive Health Services: statistics \& numerical,Socioeconomic Factors,Time Factors,United States},
	month = 12,
	number = 12,
	pages = {1742-1747},
	title = {Faithful patients: The effect of long-term physician-patient relationships on the costs and use of health care by older Americans},
	url = {http://www.pubmedcentral.nih.gov/articlerender.fcgi?artid=1380727\&tool=pmcentrez\&rendertype=abstract,http://ajph.aphapublications.org/doi/abs/10.2105/AJPH.86.12.1742},
	volume = 86,
	year = 1996
}

@article{Hjortdahl1991Continuity,
	author = {Hjortdahl, P and Borchgrevink, C F},
	isbn = {0959-8138 (Print)},
	issn = {0959-8138},
	month = 11,
	number = 6811,
	pages = {1181-1184},
	title = {Continuity of care: influence of general practitioners' knowledge about their patients on use of resources in consultations.},
	url = {http://www.ncbi.nlm.nih.gov/pmc/articles/PMC1671517/,http://www.bmj.com/cgi/doi/10.1136/bmj.303.6811.1181},
	volume = 303,
	year = 1991
}

@article{Grossman1977Bayesian,
	author = {Grossman, S and Grossman, S and Mirman, R Kihlstrom a N D L and Mirman, R Kihlstrom a N D L and a and a},
	number = 3,
	pages = {533-547},
	title = {Bayesian approach to the production of information and learning by doing, Rev},
	url = {http://www.jstor.org/stable/2296906},
	volume = 44,
	year = 1977
}

@article{Rochaix1989Information,
	author = {Rochaix, L},
	isbn = {0167-6296},
	issn = 01676296,
	number = 1,
	pages = {53-84},
	title = {Information asymmetry and search in the market for physicians' services.},
	url = {http://www.sciencedirect.com/science/article/pii/016762968990009X},
	volume = 8,
	year = 1989
}

@article{Milgrom1994Monotone,
	author = {Milgrom, Paul and Shannon, Chris},
	isbn = 00129682,
	issn = {0012-9682},
	keywords = {comparative,monotone,quasisupermodular,single crossing condition,single crossing property,statics,strategic complements,supermodular},
	number = 1,
	pages = {157-180},
	title = {Monotone Comparative Statics},
	url = {http://www.jstor.org/stable/2951479\nhttp://www.jstor.org/stable/pdfplus/2951479.pdf?acceptTC=true},
	volume = 62,
	year = 1994
}

@article{Milgrom1982Theory,
	author = {Milgrom, Paul R and Weber, Robert J},
	isbn = 00129682,
	issn = {0012-9682},
	keywords = {auctions,cellular,mechanism},
	month = 9,
	number = 5,
	pages = {1089-1122},
	title = {A Theory of Auctions and Competitive Bidding},
	url = {http://links.jstor.org/sici?sici=0012-9682(198209)50:5{	extless}1089:ATOAAC{	extgreater}2.0.CO;2-E},
	volume = 50,
	year = 1982
}

@article{Athey2002Monotone,
	author = {Athey, Susan},
	booktitle = {Oxford University Press},
	isbn = {10.1162/003355302753399481},
	issn = {0033-5533},
	journal = {Oxford University Press},
	keywords = {affiliation,and encouragement,for helpful discussions,i,i am indebted to,investment under uncertainty,log-supermodularity,monotone comparative statics,monotone likelihood ratio,monotone probability ratio,paul milgrom and john,risk aversion,roberts for their advice,single crossing},
	number = 1,
	pages = {187-223},
	publisher = {Oxford University Press},
	title = {Monotone Comparative Statics Under Uncertainty},
	url = {http://qje.oxfordjournals.org/content/117/1/187.abstract,http://qje.oxfordjournals.org/cgi/doi/10.1162/003355302753399481},
	volume = 117,
	year = 2002
}

@article{Persico2000Information,
	author = {Persico, Nicola},
	isbn = {1468-0262},
	issn = {0012-9682},
	number = 1,
	pages = {135-148},
	title = {Information Acquisition in Auctions},
	url = {http://doi.wiley.com/10.1111/1468-0262.00096,http://onlinelibrary.wiley.com/doi/10.1111/1468-0262.00096/abstract},
	volume = 68,
	year = 2000
}

@book{Persico1996Information,
	author = {Persico, Nicola},
	title = {Information acquisition in affiliated decision problems},
	url = {http://www.kellogg.northwestern.edu/research/math/papers/1149.pdf},
	year = 1996
}

@article{Lehmann1988Comparing,
	author = {Lehmann, E. L.},
	isbn = {978-1-4614-1411-7},
	issn = {0090-5364},
	number = 2,
	pages = {521-533},
	title = {Comparing Location Experiments},
	url = {http://link.springer.com/chapter/10.1007/978-1-4614-1412-4\_61,http://projecteuclid.org/euclid.aos/1176350818},
	volume = 16,
	year = 1988
}

@article{Karlin1956Theory,
	author = {Karlin, Samuel and Rubin, Herman},
	issn = {0003-4851},
	number = 2,
	pages = {272-299},
	title = {The Theory of Decision Procedures for Distributions with Monotone Likelihood Ratio},
	url = {http://www.jstor.org/stable/2236994,http://projecteuclid.org/euclid.aoms/1177728259},
	volume = 27,
	year = 1956
}

@book{Topkis1998Supermodularity,
	author = {Topkis, DM},
	isbn = 0691032440,
	title = {Supermodularity and complementarity},
	url = {http://books.google.com/books?hl=en\&lr=\&id=ueNbfnORSUcC\&oi=fnd\&pg=PR6\&dq=Supermodularity+and+complementarity\&ots=CJT-Tw1Ugr\&sig=YRno\_Vzai4Aovfd9c8IN1UUGIXg},
	year = 1998
}

@article{Quah2009Comparative,
	author = {Quah, John K.-H. and Strulovici, Bruno},
	issn = {0012-9682},
	number = 6,
	pages = {1949-1992},
	title = {Comparative Statics, Informativeness, and the Interval Dominance Order},
	url = {http://doi.wiley.com/10.3982/ECTA7583},
	volume = 77,
	year = 2009
}

@article{Amir2005Supermodularity,
	author = {Amir, Rabah},
	isbn = 0691032440,
	issn = 00384038,
	number = {January 2004},
	pages = {636-660},
	title = {Supermodularity and Complementarity in Economics: An Elementary Survey},
	url = {http://www.jstor.org/stable/10.2307/20062066?origin=crossref,http://www.jstor.org/stable/20062066},
	volume = 71,
	year = 2005
}
